2792 4444
170 213 209 271 48
245 263 250 274 .
590 224 596 234 '
655 211 760 266 Pnnstt

171 388 328 467 dispositae
351 387 493 466 pinguem
516 383 655 446 nebulam
679 403 817 446 vomuere
839 386 980 447 lucernae

170 481 324 554 portantes
345 472 445 546 violas,
467 470 652 548 rubrumque
674 471 808 549 amplexa
830 470 962 532 catinum

170 559 263 620 cauda
287 565 369 618 natat
390 555 505 635 thynni,
529 564 624 616 tumet
645 555 709 615 alba
731 555 827 616 tidelia
850 557 928 629 vino,

173 643 253 704 labra
277 661 377 703 moves
399 642 504 702 tacitus
526 641 709 721 recutitaque
732 640 852 702 sabbata
875 641 976 721 palles.

132 721 237 794 dsttlm
260 728 338 806 nigri
360 728 489 788 lemures
511 744 626 804 ovoque
647 727 780 805 pericula
802 735 902 806 rupto,
1205 736 1249 788 185

41 779 130 865 W
172 822 235 875 tum
258 813 386 891 grandes
408 812 475 910 gplli
499 819 615 872 etcum
640 812 728 872 sistro
750 812 832 872 lusca
854 811 992 874 sacerdos
1062 841 1066 848 -

171 899 324 960 incussere
347 899 418 959 deos
440 896 570 958 mllantis
593 914 728 975 corpora,
752 897 776 958 si
799 915 860 957 nou

171 984 356 1064 praedictum
381 991 427 1043 ter
448 1000 536 1042 mane
558 989 648 1060 caput
668 981 831 1060 gustaveris
853 981 898 1042 ali.

215 1069 323 1129 dixeris
345 1068 418 1128 hacc
440 1067 518 1128 inter
539 1068 687 1128 varicosos
710 1066 912 1140 centuriones

174 1153 318 1214 continuo
341 1169 473 1214 crassum
495 1151 572 1214 ridet
593 1151 769 1213 Pullennius
791 1153 898 1230 ingens

172 1247 202 1298 et
224 1246 343 1303 centum
368 1237 496 1298 Graecos
519 1246 603 1297 curto
626 1245 764 1298 centusse
785 1237 902 1297 licetur.

170 1477 293 1534 lucernas
321 1493 446 1534 accensas
475 1485 503 1533 et
522 1474 598 1532 violis
624 1484 765 1533 coronatas
788 1477 814 1530 in
837 1475 962 1532 fenestris
984 1483 1100 1550 ponunt.
1190 1475 1248 1534 182

172 1572 237 1620 tunc
259 1561 372 1619 rubrum
394 1561 483 1628 fictile,
507 1562 580 1635 quod
602 1571 643 1616 est
659 1561 824 1625 Arretinum,
847 1561 931 1618 cauda
953 1561 1049 1635 thynni
1070 1559 1249 1635 amplectitur.

261 1649 320 1706 184
342 1647 510 1721 recutitaque
531 1645 649 1702 sabbata.
672 1645 794 1702 instituta
816 1647 976 1703 ludaeorum
992 1647 1123 1720 significat
1137 1654 1250 1720 propter

172 1732 408 1797 circumcisionem,
433 1749 512 1805 quam
534 1740 658 1788 auctores
680 1748 744 1787 suos
766 1731 852 1787 secuti
872 1731 984 1788 iaciunt.
1119 1733 1176 1789 185
1199 1733 1250 1788 Le·

172 1834 262 1874 mures
296 1818 423 1874 dicuntur
457 1817 490 1873 dii
520 1833 624 1881 manes,
654 1833 723 1890 quos
745 1817 837 1873 Graeci
861 1818 1017 1891 δαίμονας
1039 1825 1151 1881 vocant,
1177 1815 1252 1873 velut

171 1903 283 1959 umbrae
305 1902 436 1977 quandam
460 1902 622 1958 divinitatem
644 1899 780 1959 babentes.
808 1903 931 1958 lemuria
952 1911 1041 1960 autem
1054 1903 1181 1960 dicuntur
1195 1903 1250 1958 dies

172 1989 281 2061 quando
303 2004 395 2044 manes
417 1988 567 2061 placantur.
712 2005 819 2061 ovoque
839 1988 958 2061 pericula
984 1995 1076 2062 rupto.
1099 1987 1250 2044 sacerdotes

173 2074 219 2148 qui
248 2072 416 2147 explorandis
445 2073 569 2147 perieulis
599 2088 673 2133 sacra
695 2071 836 2138 faciebant,
861 2073 1005 2130 observare
1025 2071 1149 2129 solebant
1170 2089 1250 2128 ovum

172 2159 226 2231 igni
248 2159 411 2232 impositum,
435 2166 528 2213 utrum
550 2157 636 2229 capite
657 2173 691 2215 an
713 2156 797 2215 latere
819 2157 971 2214 desudaret.
993 2157 1016 2212 si
1034 2164 1121 2213 autem
1138 2164 1251 2232 ruptum

173 2241 321 2306 effluxerat,
344 2241 494 2316 perieulum
516 2241 540 2298 ei
562 2240 749 2314 portendebat,
772 2260 822 2316 pro
845 2261 899 2317 quo
921 2243 1019 2300 lactum
1036 2240 1132 2306 fuerat,
1156 2241 1195 2297 vel
1211 2244 1250 2300 rei

174 2324 293 2382 familiari
316 2327 381 2384 eius.
494 2328 553 2385 186
576 2326 683 2383 sistrum
712 2329 866 2384 sacerdotes
887 2328 962 2385 lsidis
984 2327 1139 2402 portabant.
1174 2326 1250 2384 lusca
1283 2325 1285 2328 ’

78 2427 106 2518 ἱι
141 2397 271 2547 flantem,
295 2413 367 2486 quod
392 2429 484 2468 omnes
507 2411 606 2469 debiles
628 2420 675 2469 aut
698 2412 831 2470 deformes
854 2431 914 2471 oum
936 2415 1046 2470 maritos
1068 2430 1123 2471 non
1139 2414 1250 2469 invene-

87 2517 118 2578 Ιι
172 2496 235 2561 rint,
265 2498 298 2554 ad
326 2497 472 2555 ministeria
501 2499 614 2556 deorum
643 2515 673 2554 se
695 2499 846 2554 conferant.
889 2498 931 2556 vel
954 2500 1028 2573 quod
1051 2499 1175 2572 Aegyptii
1196 2506 1250 2554 tam

173 2583 239 2638 deos
268 2600 349 2657 quam
375 2583 528 2640 sacerdotes
555 2583 587 2639 de
616 2584 744 2640 monstris
765 2582 888 2640 habeant.
1022 2586 1078 2643 187
1104 2584 1205 2647 dicunt,
1228 2581 1250 2638 si

172 2667 251 2724 alium
273 2669 354 2724 ieiuni
377 2669 550 2740 gustaverint,
575 2677 667 2724 contra
688 2677 773 2725 artem
795 2669 922 2742 magicam
943 2669 1092 2726 remedium
1114 2686 1183 2726 esse.

263 2754 320 2810 189
344 2752 366 2807 si
395 2752 459 2808 haec
488 2761 550 2808 ante
577 2753 676 2809 stultos
703 2754 799 2810 milites
826 2754 909 2818 dicas,
938 2755 984 2829 qui
1007 2755 1096 2812 solent
1118 2754 1195 2812 etiam
1218 2754 1251 2810 de

173 2834 336 2909 sapientibus
366 2836 471 2901 ridere,
501 2848 631 2911 quantum
660 2838 795 2895 cachinnis
823 2839 981 2914 indulgeant
1002 2839 1120 2897 dicentes
1142 2847 1250 2896 centum

173 2919 349 2995 philosophos
378 2932 486 2978 centum
514 2939 638 2980 nummos
666 2940 721 2980 non
748 2924 846 2982 valere.
953 2925 1053 2982 varices
1081 2934 1146 2981 sunt
1169 2941 1251 2981 venae

173 3005 269 3063 mixtae
291 3007 379 3063 nervis
402 3007 429 3063 in
452 3007 564 3082 podibus
587 3009 667 3066 nimio
691 3007 783 3068 labore
804 3017 948 3068 tumentes.
1078 3011 1133 3066 191
1161 3019 1249 3066 curto.

172 3099 307 3165 tamquam
328 3093 474 3166 nonaginta
496 3110 601 3151 novem.

260 3324 308 3377 183
325 3328 410 3377 natet
490 3327 614 3393 tymniP
693 3329 742 3380 184
759 3327 852 3379 recutit
870 3332 947 3395 atque
965 3327 1033 3392 Ppr.
1117 3327 1251 3394 185118τί-

174 3389 232 3442 culo
252 3401 274 3440 α
345 3394 394 3447 186
412 3393 477 3445 ‘lum
497 3400 532 3444 a:
551 3393 615 3446 Hine
632 3396 657 3445 P
729 3400 814 3463 systro
832 3397 856 3446 P
931 3397 1014 3448 luscra
1035 3402 1059 3446 α
1138 3397 1186 3448 188
1205 3393 1251 3447 alit

173 3459 198 3508 P
212 3459 261 3512 tilli
279 3461 302 3512 B
379 3466 426 3516 190
444 3461 573 3528 pullenius
591 3464 623 3515 P:
643 3461 763 3514 fullonius
782 3470 806 3514 α
877 3466 923 3516 191
945 3478 1021 3517 nureo
1036 3470 1060 3514 α
1073 3478 1124 3516 uuo
1137 3465 1252 3515 Priscia-

174 3541 225 3576 nus
245 3529 318 3581 GLK.
337 3531 381 3580 II!
392 3547 420 3596 p.
440 3529 491 3582 410
582 3529 676 3596 ligetur
695 3537 718 3581 α
737 3537 826 3583 centus
845 3531 954 3598 eligetur
971 3533 996 3584 P
1011 3532 1083 3598 quod
1099 3536 1250 3584 comeatum

175 3598 215 3644 est
230 3597 260 3647 in
278 3601 383 3650 contuse
401 3599 492 3650 licetur
