2792 4444
574 227 756 281 paruulum
1176 229 1199 279 V
1269 226 1277 238 '

208 401 288 461 bisce
312 399 479 474 codicibus,
508 400 554 461 vel
576 410 609 461 ut
631 401 740 462 rectius
763 401 857 462 dicam
879 401 948 461 huic
971 401 1080 475 codici,
1103 402 1199 463 addidi

209 501 235 561 P
266 502 558 582 Montepessulanum
593 502 789 564 bibliothecae
822 503 939 564 scholae
972 504 1103 564 medicae
1138 506 1198 567 125

122 605 216 682 (catal.
239 607 302 683 φάη.
319 605 332 664 l
347 625 377 684 p.
395 607 478 681 330).
502 605 630 684 scriptus
653 615 697 667 est
719 607 750 666 in
774 605 954 666 membranis
975 606 1093 667 saeculo
1118 625 1199 667 nono

122 706 152 765 in
182 707 362 768 monasterio
386 707 486 768 Sancti
508 707 620 768 Nazarii
644 707 905 779 Laureshemensi‚
935 707 1014 768 unde
1037 709 1068 767 in
1091 707 1199 768 biblio-

122 807 237 867 thecam
259 807 396 868 Matthiae
420 807 580 882 cuiusdam,
606 817 705 887 postea
728 808 808 869 Petri
824 808 948 882 pithoei,
972 808 1100 888 denique
1120 808 1199 868 Rou-

123 909 196 970 herii
229 911 373 988 pervenit.
426 910 560 971 continet
594 919 712 990 praeter
740 911 874 972 Persium
902 910 1047 972 luvenalis
1076 922 1200 972 saturas.

123 1029 137 1070 a
153 1012 281 1072 secunda
297 1031 387 1073 manu
403 1013 510 1092 etipse
525 1020 678 1074 correctus
693 1021 747 1087 est,
771 1013 856 1075 cuius
871 1013 964 1074 varias
979 1013 1123 1073 lectiones
1139 1014 1201 1074 lere

124 1131 228 1174 omncs
249 1114 400 1194 adscripsi.
438 1114 660 1194 diligentissime
676 1115 802 1176 contulit
817 1115 888 1175 mibi
903 1115 1026 1176 Adolfus
1041 1114 1201 1176 Michaelis.

208 1216 239 1275 in
262 1217 369 1277 borum
392 1217 482 1278 trium
506 1217 642 1278 codicum
656 1216 834 1279 lectionibus
848 1217 1064 1296 componendis
1080 1233 1200 1296 operam

123 1335 218 1378 meam
249 1319 458 1380 continendam
486 1321 601 1400 putavi,
631 1319 741 1399 quippe
771 1319 879 1398 quibus
908 1319 977 1381 satis
1007 1319 1119 1380 clarum
1141 1321 1201 1392 fiat,

124 1420 259 1498 qualibus
281 1420 471 1483 librariorum
494 1422 645 1484 erroribus
667 1421 761 1484 Persii
782 1421 882 1497 verba,
904 1422 939 1483 ab
963 1422 1201 1501 interpolationi-

124 1521 180 1583 bus
202 1531 231 1583 et
245 1525 427 1602 gravioribus
442 1525 620 1604 corruptelis
634 1526 696 1585 lere
711 1525 863 1598 immunia,
886 1543 940 1604 per
955 1543 1060 1586 omnes
1075 1524 1201 1596 codices,

125 1609 388 1704 quorum'ingens
410 1644 553 1688 numerus
581 1635 673 1700 extat,
703 1627 783 1688 varie
812 1626 966 1706 depravata
997 1627 1066 1714 sint.
1111 1644 1203 1704 quare

71 1727 74 1734 '
125 1743 222 1804 neque
245 1727 371 1800 codices,
395 1746 521 1806 quorum
544 1729 715 1789 testimonio
738 1736 843 1789 contra
867 1727 917 1790 αΡ
936 1728 1024 1788 lectio
1048 1729 1202 1788 emendata

123 1828 175 1900 sit,
206 1827 330 1890 iudicari
353 1838 383 1890 et
403 1830 551 1891 rarissime
581 1848 616 1890 ex
639 1829 791 1891 codicibus
813 1829 948 1908 pluribus
977 1829 1203 1909 paucioribusve

35 1940 37 1945 ’
123 1931 165 2010 (ς)
195 1929 397 2009 discrepantes
430 1931 574 1992 lectiones
608 1931 645 1991 ob
678 1932 805 2009 aliquam
843 1950 962 1993 causam
996 1931 1203 1992 memorabiles

124 2032 276 2111 adscripsi.

212 2135 291 2213 quod
314 2135 338 2196 si
361 2135 460 2197 nullus
483 2135 575 2196 Persii
597 2136 689 2197 codex
711 2143 811 2196 tantae
833 2135 1016 2197 auctoritatis
1038 2145 1092 2209 est,
1115 2145 1149 2196 ut
1170 2138 1201 2198 in

125 2237 215 2298 rebus
237 2236 334 2299 dubiis
357 2238 420 2299 eius
442 2239 561 2317 vestigia
576 2247 640 2300 tuto
657 2239 799 2317 sequaris,
822 2239 873 2300 sed
889 2255 1007 2318 semper
1022 2238 1101 2298 inter
1120 2258 1204 2300 com-

125 2339 226 2417 plures
255 2341 336 2417 optio
366 2357 458 2416 eaque
488 2358 549 2400 uon
579 2358 645 2399 raro
675 2341 787 2400 incerta
810 2341 912 2414 datur,
939 2341 1030 2418 longe
1052 2340 1106 2401 alia
1128 2341 1203 2401 ratio

126 2441 156 2500 in
181 2439 329 2500 lvvnannrs
359 2441 465 2500 saturis
495 2440 687 2502 emendandis
718 2440 841 2501 obtinet.
886 2459 985 2503 earum
1015 2443 1093 2503 enim
1116 2445 1203 2504 resti-

125 2542 304 2604 tuendarum
333 2542 573 2620 integerrimum,
595 2552 628 2603 ut
651 2561 732 2603 nunc
755 2552 815 2617 est,
844 2561 1021 2622 quamquam
1049 2553 1078 2604 et
1106 2545 1203 2624 ipsum

126 2645 315 2707 multifariam
338 2646 527 2724 depravatum
543 2655 695 2707 auctorem
718 2645 771 2707 viri
786 2646 866 2708 docti
881 2645 915 2706 ad
932 2665 1035 2718 unum,
1060 2655 1201 2724 quantum

126 2748 226 2817 sciam,
249 2767 354 2810 omnes
375 2766 550 2827 persuasum
571 2749 683 2810 babent
705 2767 768 2810 csse
791 2749 924 2810 codicem

213 2849 239 2909 P
259 2851 329 2910 olim
352 2849 557 2926 Pithocanum‚
585 2870 667 2912 nunc
690 2851 983 2930 Montepcssulanum
1009 2853 1085 2924 125,
1115 2853 1203 2914 modo

127 2951 304 3024 indicatum,
334 2969 422 3030 quem
451 2953 608 3032 diligenter
629 2953 666 3014 ab
689 2952 710 3012 l.
735 2953 767 3012 V.
790 2953 912 3014 Bertino
937 2951 1074 3013 collatum
1104 2953 1202 3014 habui.

127 3053 217 3114 altera
245 3071 350 3114 manus
373 3053 504 3115 codicem
526 3055 657 3116 radendo
686 3063 715 3115 et
737 3055 914 3134 corrigendo
936 3055 975 3114 ita
1006 3056 1141 3128 mutavit,
1171 3064 1204 3116 ut

126 3156 247 3216 alterius
269 3155 396 3234 generis,
420 3156 456 3216 de
480 3174 539 3235 quo
554 3157 652 3218 statim
673 3156 832 3218 dicendum
848 3157 912 3228 erit,
936 3157 1101 3236 exemplum
1117 3175 1204 3237 prae·

127 3265 200 3329 stet,
232 3257 316 3318 cuius
343 3258 485 3320 lectiones
512 3260 552 3319 ita
579 3268 693 3320 mutum
722 3259 863 3338 adscripsi
892 3260 955 3338 (p),
984 3268 1017 3319 ut
1045 3267 1203 3332 constaret,

127 3359 198 3437 quid
223 3357 292 3418 olim
315 3377 376 3419 uon
401 3361 544 3440 scriptum
567 3371 645 3423 esset
666 3361 696 3421 iu
720 3361 753 3421 P.
790 3361 867 3422 baud
897 3361 999 3440 paucis
1029 3361 1107 3421 euim
1131 3361 1203 3422 locis

128 3471 186 3522 tam
209 3468 332 3522 strenue
356 3461 456 3522 oliicic
477 3481 531 3524 suo
547 3465 668 3525 iunctus
683 3473 728 3525 est
751 3472 912 3536 corrector,
934 3473 968 3523 ut
990 3462 1060 3541 quid
1075 3478 1090 3523 a
1106 3463 1202 3542 primo

21 3597 24 3604 =
127 3562 248 3624 librario
271 3563 413 3643 scriptum
443 3565 492 3640 sit,
524 3573 606 3627 cerlo
636 3565 741 3645 dispici
771 3565 829 3626 iam
857 3572 994 3643 nequeat.
1043 3564 1150 3625 talibus
1171 3565 1203 3625 iu

128 3663 201 3726 locis
224 3665 295 3725 utile
320 3666 460 3726 auxilium
491 3686 551 3728 non
581 3667 673 3729 semel
699 3676 851 3747 praestant
878 3667 988 3727 scholia
1010 3665 1057 3750 (S)
1079 3666 1203 3743 margini

129 3766 291 3846 adscripta,
328 3784 456 3845 quorum
487 3769 623 3830 lemmata
657 3788 724 3830 cum
753 3767 931 3829 lectionibus
958 3768 1070 3847 primae
1099 3785 1204 3828 manus

128 3867 167 3927 ita
191 3867 392 3941 consentiunt,
416 3879 449 3930 ut
469 3871 517 3931 hic
540 3871 599 3931 illic
621 3871 708 3950 paulo
731 3871 841 3930 rectius
863 3870 970 3947 scripta
986 3869 1073 3930 verba
1089 3878 1203 3946 poetae,

129 3977 234 4029 contra
257 3968 431 4047 quibusdam
461 3971 533 4034 locis
555 3971 737 4050 aliquantum
766 3972 919 4050 depravata
949 3969 1116 4030 exhibeant.
1161 3978 1205 4029 est
