2792 4444
606 185 739 238 sxrvtm
759 186 791 238 vt

163 376 226 418 rem
250 357 376 436 duplica.
411 350 497 432 ‘leci;
521 359 578 419 iam
601 359 718 439 triplex,
741 360 798 420 iam
821 359 892 419 mihi
915 366 1029 438 quarto,

164 444 222 505 iam
245 443 343 503 decies
365 443 442 503 redit
463 443 494 503 in
518 461 638 531 rugam3
661 444 800 524 depunge
821 443 872 504 ubi
895 434 1013 506 sistam.³

165 529 313 601 inventus,
335 527 509 609 Chrysippe,
531 529 574 589 tui
597 529 699 589 finitor
720 529 826 590 acervi.
1214 539 1243 590 80

164 701 192 755 in
220 708 321 758 catasta
349 700 535 774 ponebantur,
565 709 597 757 ut
619 702 707 758 omnia
731 701 758 757 in
781 702 819 759 eis
841 708 952 773 possent
972 700 1091 757 membra
1114 701 1243 775 conspici.

249 785 291 841 rel
320 785 382 860 quia
411 775 581 859 Cappadoces
610 785 764 843 dicerentur
792 785 893 845 habere
920 785 1038 842 studium
1066 785 1187 843 naturale
1208 787 1243 842 ad

165 869 229 926 lalsa
263 870 413 926 testimonia
445 870 617 945 proferenda.
661 873 707 946 qui
741 871 834 927 nutriti
859 887 873 925 a
896 871 1010 944 pueritia
1041 871 1069 926 in
1102 870 1243 928 tormentis

165 953 287 1012 eculeum
316 955 365 1010 sihi
394 954 482 1012 lacere
511 955 653 1021 dicuntur,
683 964 714 1022 ut
740 957 767 1012 in
797 973 828 1012 eo
851 955 1012 1014 seinvicem
1035 963 1194 1029 torquerent
1217 965 1243 1013 et

166 1057 227 1096 cum
249 1039 274 1094 in
290 1056 377 1114 poena
392 1041 580 1114 perdurarent,
602 1042 635 1097 ad
649 1041 716 1117 salsa
731 1041 883 1100 testimonia
897 1058 928 1098 se
941 1039 1011 1097 bene
1025 1057 1124 1099 venum
1139 1041 1242 1098 darent.

250 1124 390 1198 plausisse.
419 1126 545 1200 quoniam
574 1127 681 1183 venales
709 1136 852 1200 antequam
880 1125 907 1182 in
935 1135 1033 1182 catasta
1059 1126 1242 1200 imponantur,

166 1218 275 1266 cantant
295 1210 414 1266 universi
434 1211 536 1284 pariter
557 1228 633 1268 more
655 1213 743 1286 gentis
764 1227 838 1268 suae.
948 1213 987 1270 79
1010 1211 1036 1266 in
1059 1228 1154 1285 rugam
1175 1210 1243 1269 alle-

166 1294 272 1366 goricos
295 1295 359 1352 dixit
381 1313 395 1350 a
417 1296 545 1360 restibus,
569 1297 642 1370 quod
665 1297 698 1352 ad
719 1287 815 1370 rugam
840 1296 983 1370 plieeutur.
1092 1297 1130 1354 80
1156 1297 1241 1371 Chry-

166 1380 259 1452 sippus
280 1379 459 1455 philosophus
481 1381 666 1456 syllogismum
686 1381 790 1439 soriten
809 1381 923 1446 vocarit,
947 1398 1028 1455 quem
1048 1398 1097 1456 per
1112 1381 1243 1438 adiectio-

165 1481 227 1520 nem
260 1473 287 1521 et
320 1466 511 1522 detractionem
544 1484 576 1524 ex
608 1467 695 1523 acervi
726 1465 893 1525 frumentarii
922 1465 1092 1523 similitudine
1115 1467 1243 1523 ostendit.

166 1565 230 1622 ergo
252 1559 334 1622 poeta
356 1551 408 1608 hoc
430 1551 510 1608 dicit:
535 1547 750 1626 quantacumque
771 1569 851 1608 avaro
874 1551 1035 1608 abundantia
1058 1559 1161 1608 creseat
1174 1550 1243 1607 suh-

165 1634 286 1698 stantiae,
316 1653 372 1692 non
394 1637 506 1693 satiatur
528 1647 555 1693 et
576 1637 615 1694 sic
636 1638 664 1693 in
685 1636 819 1694 inlinitum
841 1636 992 1710 cupiditatis
1014 1636 1172 1693 desiderium
1195 1653 1243 1692 ex-

166 1719 266 1786 tendit,
296 1729 327 1777 ut
356 1722 402 1795 qui
424 1723 481 1778 eius
504 1723 628 1779 avaritiae
650 1721 729 1779 finem
751 1722 867 1779 voluerit
888 1738 1000 1796 ponere,
1023 1721 1100 1780 larile
1121 1722 1242 1779 rideatur
1336 1766 1338 1770 ,

166 1804 244 1860 etiam
264 1804 451 1880 syllogismum
473 1807 614 1880 Chrysippi
635 1807 755 1865 delinire.

254 1971 285 2020 to
304 1968 447 2036 depingep
518 1971 550 2025 80
568 1969 691 2025 lucemus
705 1971 760 2020 αΡ
774 1985 844 2022 corr.
860 1986 879 2034 p
944 1969 1068 2036 explicuit
1080 1971 1240 2033 (correctum

167 2038 197 2084 in
215 2037 330 2102 explicit)
349 2036 451 2090 Persius
466 2038 470 2104 Ι
487 2036 675 2096 Thebaidorum
693 2045 779 2090 satura
796 2037 799 2104 Ι
816 2037 925 2089 feliciter
942 2043 1014 2089 utere
1035 2038 1040 2101 Ι
1062 2051 1162 2104 semper
1180 2036 1242 2088 lelix

167 2104 251 2168 Pqur'
265 2107 375 2172 prologi
393 2107 450 2158 loco
476 2108 584 2157 credibat
608 2111 745 2174 sequentes
769 2107 938 2157 clotiamooe.
1008 2103 1078 2156 Persi
1097 2104 1181 2156 Flacci
1200 2117 1242 2156 sa·

166 2173 280 2289 {yrarbum
305 2173 310 2240 Ι
331 2173 436 2240 explicit
453 2174 570 2227 feliciter.
607 2173 665 2226 Vita
685 2174 799 2226 eiusdem
818 2180 842 2225 α
861 2176 978 2240 quitum
995 2175 1164 2238 subiungant
1182 2173 1241 2223 clte-

175 2253 230 2288 eam
248 2256 277 2289 oa
