<?xml version="1.0" encoding="UTF-8"?>
<!DOCTYPE html PUBLIC "-//W3C//DTD XHTML 1.0 Transitional//EN"
    "http://www.w3.org/TR/xhtml1/DTD/xhtml1-transitional.dtd">
<html xmlns="http://www.w3.org/1999/xhtml" xml:lang="en" lang="en">
 <head>
  <title>
</title>
<meta http-equiv="Content-Type" content="text/html;charset=utf-8" />
  <meta name='ocr-system' content='tesseract 3.04.00' />
  <meta name='ocr-capabilities' content='ocr_page ocr_carea ocr_par ocr_line ocrx_word'/>
</head>
<body>
  <div class='ocr_page' id='page_1' title='image "apersiiflaccidi01sulpgoog_0049.png"; bbox 0 0 2792 4444; ppageno 0'>
   <div class='ocr_carea' id='block_1_1' title="bbox 176 157 764 219">
    <p class='ocr_par' dir='ltr' id='par_1_1' title="bbox 176 157 764 219">
     <span class='ocr_line' id='line_1_1' title="bbox 176 157 764 219; baseline -0.009 0"><span class='ocrx_word' id='word_1_1' title='bbox 176 159 216 219; x_wconf 83' lang='lat'>28</span> <span class='ocrx_word' id='word_1_2' title='bbox 660 157 764 214; x_wconf 86' lang='lat' dir='ltr'>PllllSll</span> 
     </span>
    </p>
   </div>
   <div class='ocr_carea' id='block_1_2' title="bbox 172 329 1248 1260">
    <p class='ocr_par' dir='ltr' id='par_1_2' title="bbox 172 329 921 409">
     <span class='ocr_line' id='line_1_2' title="bbox 172 329 921 409; baseline 0.001 -19"><span class='ocrx_word' id='word_1_3' title='bbox 172 348 209 390; x_wconf 94' lang='lat' dir='ltr'>an</span> <span class='ocrx_word' id='word_1_4' title='bbox 233 329 341 408; x_wconf 90' lang='lat' dir='ltr'>passim</span> <span class='ocrx_word' id='word_1_5' title='bbox 364 330 498 409; x_wconf 89' lang='lat' dir='ltr'>sequeris</span> <span class='ocrx_word' id='word_1_6' title='bbox 519 348 623 392; x_wconf 84' lang='lat' dir='ltr'>corros</span> <span class='ocrx_word' id='word_1_7' title='bbox 643 340 778 409; x_wconf 90' lang='lat' dir='ltr'>testaque</span> <span class='ocrx_word' id='word_1_8' title='bbox 799 330 921 409; x_wconf 89' lang='lat' dir='ltr'>lutoque</span> 
     </span>
    </p>

    <p class='ocr_par' dir='ltr' id='par_1_3' title="bbox 174 412 1010 495">
     <span class='ocr_line' id='line_1_3' title="bbox 174 412 1010 495; baseline 0 -18"><span class='ocrx_word' id='word_1_9' title='bbox 174 433 308 490; x_wconf 87' lang='lat' dir='ltr'>securus,</span> <span class='ocrx_word' id='word_1_10' title='bbox 330 433 390 494; x_wconf 94' lang='lat' dir='ltr'>quo</span> <span class='ocrx_word' id='word_1_11' title='bbox 413 434 466 495; x_wconf 86' lang='lat' dir='ltr'>pes</span> <span class='ocrx_word' id='word_1_12' title='bbox 488 416 571 488; x_wconf 83' lang='lat' dir='ltr'>ierat,</span> <span class='ocrx_word' id='word_1_13' title='bbox 594 424 682 495; x_wconf 92' lang='lat' dir='ltr'>atque</span> <span class='ocrx_word' id='word_1_14' title='bbox 705 435 740 477; x_wconf 89' lang='lat' dir='ltr'>ex</span> <span class='ocrx_word' id='word_1_15' title='bbox 762 423 897 495; x_wconf 88' lang='lat' dir='ltr'>tempore</span> <span class='ocrx_word' id='word_1_16' title='bbox 917 412 1010 477; x_wconf 75' lang='lat' dir='ltr'>viris?</span> 
     </span>
    </p>

    <p class='ocr_par' dir='ltr' id='par_1_4' title="bbox 174 499 1013 579">
     <span class='ocr_line' id='line_1_4' title="bbox 174 499 1013 579; baseline -0.002 -16"><span class='ocrx_word' id='word_1_17' title='bbox 174 500 335 563; x_wconf 85' lang='lat' dir='ltr'>elleborum</span> <span class='ocrx_word' id='word_1_18' title='bbox 356 501 477 574; x_wconf 85' lang='lat' dir='ltr'>frustra,</span> <span class='ocrx_word' id='word_1_19' title='bbox 499 518 568 561; x_wconf 90' lang='lat' dir='ltr'>cum</span> <span class='ocrx_word' id='word_1_20' title='bbox 591 501 647 561; x_wconf 92' lang='lat' dir='ltr'>iam</span> <span class='ocrx_word' id='word_1_21' title='bbox 670 501 746 562; x_wconf 91' lang='lat' dir='ltr'>cutis</span> <span class='ocrx_word' id='word_1_22' title='bbox 770 518 857 579; x_wconf 89' lang='lat' dir='ltr'>aegra</span> <span class='ocrx_word' id='word_1_23' title='bbox 878 499 1013 574; x_wconf 80' lang='lat' dir='ltr'><strong>tumebit,</strong></span> 
     </span>
    </p>

    <p class='ocr_par' dir='ltr' id='par_1_5' title="bbox 173 585 919 666">
     <span class='ocr_line' id='line_1_5' title="bbox 173 585 919 666; baseline -0.001 -19"><span class='ocrx_word' id='word_1_24' title='bbox 173 586 324 666; x_wconf 89' lang='lat' dir='ltr'>poscentis</span> <span class='ocrx_word' id='word_1_25' title='bbox 345 586 457 647; x_wconf 89' lang='lat' dir='ltr'>videas:</span> <span class='ocrx_word' id='word_1_26' title='bbox 480 585 609 647; x_wconf 87' lang='lat' dir='ltr'>venienti</span> <span class='ocrx_word' id='word_1_27' title='bbox 632 586 780 648; x_wconf 89' lang='lat' dir='ltr'>occurrite</span> <span class='ocrx_word' id='word_1_28' title='bbox 802 586 919 660; x_wconf 91' lang='lat' dir='ltr'>morbo,</span> 
     </span>
    </p>

    <p class='ocr_par' dir='ltr' id='par_1_6' title="bbox 173 667 1246 836">
     <span class='ocr_line' id='line_1_6' title="bbox 173 667 1246 751; baseline -0.002 -19"><span class='ocrx_word' id='word_1_29' title='bbox 173 679 204 732; x_wconf 89' lang='lat' dir='ltr'>et</span> <span class='ocrx_word' id='word_1_30' title='bbox 225 670 295 750; x_wconf 93' lang='lat' dir='ltr'>quid</span> <span class='ocrx_word' id='word_1_31' title='bbox 317 689 393 750; x_wconf 89' lang='lat' dir='ltr'>opus</span> <span class='ocrx_word' id='word_1_32' title='bbox 414 670 534 732; x_wconf 83' lang='lat' dir='ltr'>Cratero</span> <span class='ocrx_word' id='word_1_33' title='bbox 555 688 680 748; x_wconf 89' lang='lat' dir='ltr'>magnos</span> <span class='ocrx_word' id='word_1_34' title='bbox 701 671 874 751; x_wconf 80' lang='lat' dir='ltr'><strong>promittere</strong></span> <span class='ocrx_word' id='word_1_35' title='bbox 895 667 1028 732; x_wconf 83' lang='lat' dir='ltr'>montis?</span> <span class='ocrx_word' id='word_1_36' title='bbox 1216 679 1246 730; x_wconf 83' lang='lat' dir='ltr'>ot</span> 
     </span>
     <span class='ocr_line' id='line_1_7' title="bbox 173 755 963 836; baseline 0.001 -21"><span class='ocrx_word' id='word_1_37' title='bbox 173 755 285 831; x_wconf 80' lang='lat' dir='ltr'>discite,</span> <span class='ocrx_word' id='word_1_38' title='bbox 309 775 326 817; x_wconf 99' lang='lat' dir='ltr'>o</span> <span class='ocrx_word' id='word_1_39' title='bbox 348 756 456 830; x_wconf 87' lang='lat' dir='ltr'>miseri,</span> <span class='ocrx_word' id='word_1_40' title='bbox 480 765 509 816; x_wconf 89' lang='lat' dir='ltr'>et</span> <span class='ocrx_word' id='word_1_41' title='bbox 531 774 633 818; x_wconf 86' lang='lat' dir='ltr'>causas</span> <span class='ocrx_word' id='word_1_42' title='bbox 655 757 825 836; x_wconf 76' lang='lat' dir='ltr'>cognoscite</span> <span class='ocrx_word' id='word_1_43' title='bbox 848 774 963 817; x_wconf 85' lang='lat' dir='ltr'>rerum:</span> 
     </span>
    </p>

    <p class='ocr_par' dir='ltr' id='par_1_7' title="bbox 174 839 985 921">
     <span class='ocr_line' id='line_1_8' title="bbox 174 839 985 921; baseline -0.002 -19"><span class='ocrx_word' id='word_1_44' title='bbox 174 841 244 920; x_wconf 91' lang='lat' dir='ltr'>quid</span> <span class='ocrx_word' id='word_1_45' title='bbox 265 859 368 903; x_wconf 90' lang='lat' dir='ltr'>sumus</span> <span class='ocrx_word' id='word_1_46' title='bbox 390 850 419 902; x_wconf 88' lang='lat' dir='ltr'>et</span> <span class='ocrx_word' id='word_1_47' title='bbox 442 839 579 921; x_wconf 85' lang='lat' dir='ltr'>quidnam</span> <span class='ocrx_word' id='word_1_48' title='bbox 604 842 709 902; x_wconf 87' lang='lat' dir='ltr'>victuri</span> <span class='ocrx_word' id='word_1_49' title='bbox 731 841 889 920; x_wconf 81' lang='lat' dir='ltr'>gignimur,</span> <span class='ocrx_word' id='word_1_50' title='bbox 911 842 985 902; x_wconf 93' lang='lat' dir='ltr'>ordo</span> 
     </span>
    </p>

    <p class='ocr_par' dir='ltr' id='par_1_8' title="bbox 174 925 1011 1004">
     <span class='ocr_line' id='line_1_9' title="bbox 174 925 1011 1004; baseline -0.002 -16"><span class='ocrx_word' id='word_1_51' title='bbox 174 927 240 1004; x_wconf 89' lang='lat' dir='ltr'>quis</span> <span class='ocrx_word' id='word_1_52' title='bbox 262 927 347 987; x_wconf 89' lang='lat' dir='ltr'>datus</span> <span class='ocrx_word' id='word_1_53' title='bbox 369 935 420 987; x_wconf 91' lang='lat' dir='ltr'>aut</span> <span class='ocrx_word' id='word_1_54' title='bbox 441 935 537 987; x_wconf 88' lang='lat' dir='ltr'>metae</span> <span class='ocrx_word' id='word_1_55' title='bbox 560 944 616 1004; x_wconf 91' lang='lat' dir='ltr'>qua</span> <span class='ocrx_word' id='word_1_56' title='bbox 639 926 735 988; x_wconf 91' lang='lat' dir='ltr'>mollis</span> <span class='ocrx_word' id='word_1_57' title='bbox 756 927 850 988; x_wconf 87' lang='lat' dir='ltr'>flexus</span> <span class='ocrx_word' id='word_1_58' title='bbox 871 935 901 986; x_wconf 91' lang='lat' dir='ltr'>et</span> <span class='ocrx_word' id='word_1_59' title='bbox 923 925 1011 999; x_wconf 87' lang='lat' dir='ltr'>unde,</span> 
     </span>
    </p>

    <p class='ocr_par' dir='ltr' id='par_1_9' title="bbox 173 1011 1021 1091">
     <span class='ocr_line' id='line_1_10' title="bbox 173 1011 1021 1091; baseline -0.002 -19"><span class='ocrx_word' id='word_1_60' title='bbox 173 1011 240 1089; x_wconf 90' lang='lat' dir='ltr'>quis</span> <span class='ocrx_word' id='word_1_61' title='bbox 262 1012 368 1072; x_wconf 93' lang='lat' dir='ltr'>modus</span> <span class='ocrx_word' id='word_1_62' title='bbox 390 1022 524 1089; x_wconf 88' lang='lat' dir='ltr'>argento,</span> <span class='ocrx_word' id='word_1_63' title='bbox 547 1011 617 1089; x_wconf 90' lang='lat' dir='ltr'>quid</span> <span class='ocrx_word' id='word_1_64' title='bbox 639 1012 683 1073; x_wconf 88' lang='lat' dir='ltr'>las</span> <span class='ocrx_word' id='word_1_65' title='bbox 705 1021 817 1091; x_wconf 89' lang='lat' dir='ltr'>optare,</span> <span class='ocrx_word' id='word_1_66' title='bbox 841 1011 911 1090; x_wconf 93' lang='lat' dir='ltr'>quid</span> <span class='ocrx_word' id='word_1_67' title='bbox 934 1029 1021 1090; x_wconf 90' lang='lat' dir='ltr'>asper</span> 
     </span>
    </p>

    <p class='ocr_par' dir='ltr' id='par_1_10' title="bbox 173 1094 1248 1260">
     <span class='ocr_line' id='line_1_11' title="bbox 173 1094 1248 1176; baseline -0.003 -20"><span class='ocrx_word' id='word_1_68' title='bbox 173 1096 246 1157; x_wconf 89' lang='lat' dir='ltr'>utile</span> <span class='ocrx_word' id='word_1_69' title='bbox 270 1113 408 1157; x_wconf 82' lang='lat' dir='ltr'>nummus</span> <span class='ocrx_word' id='word_1_70' title='bbox 430 1094 527 1170; x_wconf 91' lang='lat' dir='ltr'>babet,</span> <span class='ocrx_word' id='word_1_71' title='bbox 548 1096 662 1174; x_wconf 86' lang='lat' dir='ltr'>patriae</span> <span class='ocrx_word' id='word_1_72' title='bbox 684 1097 819 1175; x_wconf 88' lang='lat' dir='ltr'>carisque</span> <span class='ocrx_word' id='word_1_73' title='bbox 841 1095 1018 1176; x_wconf 85' lang='lat' dir='ltr'>propinquis</span> <span class='ocrx_word' id='word_1_74' title='bbox 1219 1104 1248 1154; x_wconf 78' lang='lat' dir='ltr'>to</span> 
     </span>
     <span class='ocr_line' id='line_1_12' title="bbox 174 1180 934 1260; baseline 0 -18"><span class='ocrx_word' id='word_1_75' title='bbox 174 1189 318 1258; x_wconf 92' lang='lat' dir='ltr'>quantum</span> <span class='ocrx_word' id='word_1_76' title='bbox 341 1180 458 1260; x_wconf 93' lang='lat' dir='ltr'>elargiri</span> <span class='ocrx_word' id='word_1_77' title='bbox 480 1182 590 1254; x_wconf 90' lang='lat' dir='ltr'>deceat,</span> <span class='ocrx_word' id='word_1_78' title='bbox 614 1199 702 1260; x_wconf 89' lang='lat' dir='ltr'>quem</span> <span class='ocrx_word' id='word_1_79' title='bbox 724 1192 754 1244; x_wconf 90' lang='lat' dir='ltr'>te</span> <span class='ocrx_word' id='word_1_80' title='bbox 776 1183 849 1243; x_wconf 88' lang='lat' dir='ltr'>deus</span> <span class='ocrx_word' id='word_1_81' title='bbox 871 1200 934 1244; x_wconf 89' lang='lat' dir='ltr'>esse</span> 
     </span>
    </p>
   </div>
   <div class='ocr_carea' id='block_1_3' title="bbox 35 1265 949 1374">
    <p class='ocr_par' dir='ltr' id='par_1_11' title="bbox 35 1265 949 1374">
     <span class='ocr_line' id='line_1_13' title="bbox 35 1265 949 1374; baseline -0.002 -47"><span class='ocrx_word' id='word_1_82' title='bbox 35 1307 79 1373; x_wconf 58' lang='lat'>32·</span> <span class='ocrx_word' id='word_1_83' title='bbox 121 1333 146 1374; x_wconf 41' lang='grc' dir='ltr'><strong>ω</strong></span> <span class='ocrx_word' id='word_1_84' title='bbox 174 1265 259 1328; x_wconf 91' lang='lat' dir='ltr'>iussit</span> <span class='ocrx_word' id='word_1_85' title='bbox 281 1277 310 1326; x_wconf 88' lang='lat' dir='ltr'>et</span> <span class='ocrx_word' id='word_1_86' title='bbox 330 1266 459 1327; x_wconf 91' lang='lat' dir='ltr'>humana</span> <span class='ocrx_word' id='word_1_87' title='bbox 481 1284 540 1345; x_wconf 94' lang='lat' dir='ltr'>qua</span> <span class='ocrx_word' id='word_1_88' title='bbox 562 1275 645 1346; x_wconf 82' lang='lat' dir='ltr'>parte</span> <span class='ocrx_word' id='word_1_89' title='bbox 666 1267 779 1328; x_wconf 91' lang='lat' dir='ltr'>locatus</span> <span class='ocrx_word' id='word_1_90' title='bbox 800 1285 832 1328; x_wconf 88' lang='lat' dir='ltr'>es</span> <span class='ocrx_word' id='word_1_91' title='bbox 853 1267 884 1326; x_wconf 92' lang='lat' dir='ltr'>in</span> <span class='ocrx_word' id='word_1_92' title='bbox 906 1284 949 1326; x_wconf 88' lang='lat' dir='ltr'>re.</span> 
     </span>
    </p>
   </div>
   <div class='ocr_carea' id='block_1_4' title="bbox 19 1347 936 1510">
    <p class='ocr_par' dir='ltr' id='par_1_12' title="bbox 19 1347 936 1510">
     <span class='ocr_line' id='line_1_14' title="bbox 19 1347 936 1510; baseline -0.014 -91"><span class='ocrx_word' id='word_1_93' title='bbox 19 1347 31 1490; x_wconf 41' lang='lat' dir='ltr'>‘K</span> <span class='ocrx_word' id='word_1_94' title='bbox 55 1371 120 1464; x_wconf 45' lang='lat' dir='ltr'>¹“ft</span> <span class='ocrx_word' id='word_1_95' title='bbox 174 1351 264 1425; x_wconf 90' lang='lat' dir='ltr'>disce,</span> <span class='ocrx_word' id='word_1_96' title='bbox 288 1369 344 1412; x_wconf 91' lang='lat' dir='ltr'>nec</span> <span class='ocrx_word' id='word_1_97' title='bbox 366 1351 598 1510; x_wconf 46' lang='lat' dir='ltr'>invideaqqquod</span> <span class='ocrx_word' id='word_1_98' title='bbox 620 1352 710 1413; x_wconf 92' lang='lat' dir='ltr'>multa</span> <span class='ocrx_word' id='word_1_99' title='bbox 733 1351 829 1414; x_wconf 86' lang='lat' dir='ltr'>fidelia</span> <span class='ocrx_word' id='word_1_100' title='bbox 850 1359 936 1430; x_wconf 88' lang='lat' dir='ltr'>putet</span> 
     </span>
    </p>
   </div>
   <div class='ocr_carea' id='block_1_5' title="bbox 174 1517 1356 3553">
    <p class='ocr_par' dir='ltr' id='par_1_13' title="bbox 174 1517 1356 3553">
     <span class='ocr_line' id='line_1_15' title="bbox 174 1517 1247 1598; baseline 0 -20"><span class='ocrx_word' id='word_1_101' title='bbox 174 1523 256 1580; x_wconf 83' lang='lat' dir='ltr'>vitam</span> <span class='ocrx_word' id='word_1_102' title='bbox 270 1539 426 1598; x_wconf 85' lang='lat' dir='ltr'>peragrans,</span> <span class='ocrx_word' id='word_1_103' title='bbox 447 1530 479 1580; x_wconf 93' lang='lat' dir='ltr'>ut</span> <span class='ocrx_word' id='word_1_104' title='bbox 498 1522 585 1588; x_wconf 89' lang='lat' dir='ltr'>libuit,</span> <span class='ocrx_word' id='word_1_105' title='bbox 609 1524 696 1580; x_wconf 90' lang='lat' dir='ltr'>omnia</span> <span class='ocrx_word' id='word_1_106' title='bbox 718 1523 792 1586; x_wconf 89' lang='lat' dir='ltr'>lacis,</span> <span class='ocrx_word' id='word_1_107' title='bbox 816 1539 913 1580; x_wconf 87' lang='lat' dir='ltr'>corvos</span> <span class='ocrx_word' id='word_1_108' title='bbox 934 1521 1067 1597; x_wconf 77' lang='lat' dir='ltr'>lapidibus</span> <span class='ocrx_word' id='word_1_109' title='bbox 1089 1517 1247 1578; x_wconf 71' lang='lat' dir='ltr'>insectaris?</span> 
     </span>
     <span class='ocr_line' id='line_1_16' title="bbox 174 1605 1248 1682; baseline 0 -18"><span class='ocrx_word' id='word_1_110' title='bbox 174 1609 248 1682; x_wconf 90' lang='lat' dir='ltr'>qnod</span> <span class='ocrx_word' id='word_1_111' title='bbox 270 1617 312 1665; x_wconf 85' lang='lat' dir='ltr'>est</span> <span class='ocrx_word' id='word_1_112' title='bbox 325 1608 450 1665; x_wconf 88' lang='lat' dir='ltr'>inertium</span> <span class='ocrx_word' id='word_1_113' title='bbox 472 1616 499 1665; x_wconf 89' lang='lat' dir='ltr'>st</span> <span class='ocrx_word' id='word_1_114' title='bbox 520 1607 666 1665; x_wconf 88' lang='lat' dir='ltr'>stultorum</span> <span class='ocrx_word' id='word_1_115' title='bbox 681 1609 818 1666; x_wconf 91' lang='lat' dir='ltr'>indicium.</span> <span class='ocrx_word' id='word_1_116' title='bbox 862 1608 934 1664; x_wconf 89' lang='lat' dir='ltr'>corvi</span> <span class='ocrx_word' id='word_1_117' title='bbox 949 1607 1019 1664; x_wconf 84' lang='lat' dir='ltr'>eninr</span> <span class='ocrx_word' id='word_1_118' title='bbox 1034 1605 1169 1664; x_wconf 78' lang='lat' dir='ltr'>instabiles</span> <span class='ocrx_word' id='word_1_119' title='bbox 1183 1615 1248 1664; x_wconf 92' lang='lat' dir='ltr'>sunt</span> 
     </span>
     <span class='ocr_line' id='line_1_17' title="bbox 174 1691 1247 1757; baseline -0.001 -10"><span class='ocrx_word' id='word_1_120' title='bbox 174 1691 227 1748; x_wconf 92' lang='lat' dir='ltr'>huc</span> <span class='ocrx_word' id='word_1_121' title='bbox 241 1692 305 1750; x_wconf 91' lang='lat' dir='ltr'>illuc</span> <span class='ocrx_word' id='word_1_122' title='bbox 321 1693 524 1757; x_wconf 77' lang='lat' dir='ltr'>transvolantes,</span> <span class='ocrx_word' id='word_1_123' title='bbox 543 1701 571 1749; x_wconf 90' lang='lat' dir='ltr'>et</span> <span class='ocrx_word' id='word_1_124' title='bbox 588 1710 644 1750; x_wconf 93' lang='lat' dir='ltr'>non</span> <span class='ocrx_word' id='word_1_125' title='bbox 658 1702 755 1750; x_wconf 86' lang='lat' dir='ltr'>curant</span> <span class='ocrx_word' id='word_1_126' title='bbox 768 1693 856 1750; x_wconf 90' lang='lat' dir='ltr'>autin</span> <span class='ocrx_word' id='word_1_127' title='bbox 870 1693 923 1750; x_wconf 89' lang='lat' dir='ltr'>alta</span> <span class='ocrx_word' id='word_1_128' title='bbox 936 1692 1034 1750; x_wconf 91' lang='lat' dir='ltr'>arbore</span> <span class='ocrx_word' id='word_1_129' title='bbox 1052 1693 1146 1748; x_wconf 89' lang='lat' dir='ltr'>sedero</span> <span class='ocrx_word' id='word_1_130' title='bbox 1160 1691 1247 1747; x_wconf 91' lang='lat' dir='ltr'>autin</span> 
     </span>
     <span class='ocr_line' id='line_1_18' title="bbox 175 1775 1248 1851; baseline 0.002 -19"><span class='ocrx_word' id='word_1_131' title='bbox 175 1777 340 1851; x_wconf 87' lang='lat' dir='ltr'>palustribus</span> <span class='ocrx_word' id='word_1_132' title='bbox 362 1777 545 1851; x_wconf 84' lang='lat' dir='ltr'>aquaticisque</span> <span class='ocrx_word' id='word_1_133' title='bbox 566 1777 642 1842; x_wconf 90' lang='lat' dir='ltr'>locis,</span> <span class='ocrx_word' id='word_1_134' title='bbox 672 1788 699 1836; x_wconf 90' lang='lat' dir='ltr'>et</span> <span class='ocrx_word' id='word_1_135' title='bbox 719 1778 855 1836; x_wconf 88' lang='lat' dir='ltr'>adulteros</span> <span class='ocrx_word' id='word_1_136' title='bbox 876 1777 1005 1850; x_wconf 83' lang='lat' dir='ltr'>figurant.</span> <span class='ocrx_word' id='word_1_137' title='bbox 1103 1780 1141 1836; x_wconf 86' lang='grc'>63</span> <span class='ocrx_word' id='word_1_138' title='bbox 1164 1775 1248 1834; x_wconf 89' lang='lat' dir='ltr'>stulte</span> 
     </span>
     <span class='ocr_line' id='line_1_19' title="bbox 175 1861 1250 1937; baseline 0.001 -20"><span class='ocrx_word' id='word_1_139' title='bbox 175 1861 265 1919; x_wconf 90' lang='lat' dir='ltr'>solent</span> <span class='ocrx_word' id='word_1_140' title='bbox 286 1863 393 1937; x_wconf 91' lang='lat' dir='ltr'>quidam</span> <span class='ocrx_word' id='word_1_141' title='bbox 406 1863 559 1920; x_wconf 84' lang='lat' dir='ltr'>inveteratis</span> <span class='ocrx_word' id='word_1_142' title='bbox 573 1863 642 1920; x_wconf 85' lang='lat' dir='ltr'>vitiis</span> <span class='ocrx_word' id='word_1_143' title='bbox 656 1864 778 1920; x_wconf 91' lang='lat' dir='ltr'>medendi</span> <span class='ocrx_word' id='word_1_144' title='bbox 799 1863 913 1920; x_wconf 88' lang='lat' dir='ltr'>remedia</span> <span class='ocrx_word' id='word_1_145' title='bbox 935 1863 1086 1937; x_wconf 88' lang='lat' dir='ltr'>implorare,</span> <span class='ocrx_word' id='word_1_146' title='bbox 1110 1878 1171 1918; x_wconf 92' lang='lat' dir='ltr'>cum</span> <span class='ocrx_word' id='word_1_147' title='bbox 1193 1861 1250 1918; x_wconf 87' lang='lat' dir='ltr'>uti-</span> 
     </span>
     <span class='ocr_line' id='line_1_20' title="bbox 175 1946 1249 2022; baseline -0.001 -19"><span class='ocrx_word' id='word_1_148' title='bbox 175 1964 227 2021; x_wconf 92' lang='lat' dir='ltr'>que</span> <span class='ocrx_word' id='word_1_149' title='bbox 254 1949 342 2021; x_wconf 90' lang='lat' dir='ltr'>primo</span> <span class='ocrx_word' id='word_1_150' title='bbox 372 1950 517 2006; x_wconf 84' lang='lat' dir='ltr'>carendum</span> <span class='ocrx_word' id='word_1_151' title='bbox 545 1949 594 2013; x_wconf 91' lang='lat' dir='ltr'>sit,</span> <span class='ocrx_word' id='word_1_152' title='bbox 623 1966 657 2006; x_wconf 91' lang='lat' dir='ltr'>ne</span> <span class='ocrx_word' id='word_1_153' title='bbox 680 1949 740 2022; x_wconf 92' lang='lat' dir='ltr'>quis</span> <span class='ocrx_word' id='word_1_154' title='bbox 762 1950 833 2006; x_wconf 87' lang='lat' dir='ltr'>sanis</span> <span class='ocrx_word' id='word_1_155' title='bbox 854 1948 980 2005; x_wconf 92' lang='lat' dir='ltr'>membris</span> <span class='ocrx_word' id='word_1_156' title='bbox 1001 1946 1113 2004; x_wconf 87' lang='lat' dir='ltr'>morbus</span> <span class='ocrx_word' id='word_1_157' title='bbox 1134 1946 1249 2022; x_wconf 89' lang='lat' dir='ltr'>inrepat.</span> 
     </span>
     <span class='ocr_line' id='line_1_21' title="bbox 174 2031 1356 2110; baseline 0 -22"><span class='ocrx_word' id='word_1_158' title='bbox 174 2032 344 2106; x_wconf 84' lang='lat' dir='ltr'>allegoricos.</span> <span class='ocrx_word' id='word_1_159' title='bbox 421 2034 567 2090; x_wconf 88' lang='lat' dir='ltr'>amedicis</span> <span class='ocrx_word' id='word_1_160' title='bbox 588 2043 712 2090; x_wconf 89' lang='lat' dir='ltr'>tractum.</span> <span class='ocrx_word' id='word_1_161' title='bbox 792 2033 940 2090; x_wconf 87' lang='lat' dir='ltr'>elleborum</span> <span class='ocrx_word' id='word_1_162' title='bbox 963 2031 1142 2089; x_wconf 86' lang='lat' dir='ltr'>medicaminis</span> <span class='ocrx_word' id='word_1_163' title='bbox 1165 2049 1250 2104; x_wconf 89' lang='lat' dir='ltr'>genus</span> <span class='ocrx_word' id='word_1_164' title='bbox 1349 2085 1356 2110; x_wconf 72' lang='lat'>,</span> 
     </span>
     <span class='ocr_line' id='line_1_22' title="bbox 175 2117 1249 2193; baseline -0.002 -19"><span class='ocrx_word' id='word_1_165' title='bbox 175 2125 229 2183; x_wconf 87' lang='lat' dir='ltr'>est,</span> <span class='ocrx_word' id='word_1_166' title='bbox 263 2119 336 2192; x_wconf 92' lang='lat' dir='ltr'>qnod</span> <span class='ocrx_word' id='word_1_167' title='bbox 368 2117 509 2193; x_wconf 80' lang='lat' dir='ltr'>hydropici</span> <span class='ocrx_word' id='word_1_168' title='bbox 541 2133 620 2192; x_wconf 89' lang='lat' dir='ltr'>saepe</span> <span class='ocrx_word' id='word_1_169' title='bbox 649 2117 761 2183; x_wconf 91' lang='lat' dir='ltr'>bibunt,</span> <span class='ocrx_word' id='word_1_170' title='bbox 790 2119 864 2193; x_wconf 92' lang='lat' dir='ltr'>quod</span> <span class='ocrx_word' id='word_1_171' title='bbox 892 2118 914 2173; x_wconf 91' lang='lat' dir='ltr'>si</span> <span class='ocrx_word' id='word_1_172' title='bbox 943 2117 1052 2174; x_wconf 91' lang='lat' dir='ltr'>nimium</span> <span class='ocrx_word' id='word_1_173' title='bbox 1077 2117 1249 2188; x_wconf 85' lang='lat' dir='ltr'>sumpserint,</span> 
     </span>
     <span class='ocr_line' id='line_1_23' title="bbox 175 2197 1344 2277; baseline 0 -19"><span class='ocrx_word' id='word_1_174' title='bbox 175 2210 260 2259; x_wconf 85' lang='lat' dir='ltr'>necat</span> <span class='ocrx_word' id='word_1_175' title='bbox 332 2203 371 2260; x_wconf 86' lang='grc'>65</span> <span class='ocrx_word' id='word_1_176' title='bbox 394 2203 421 2258; x_wconf 90' lang='lat' dir='ltr'>io</span> <span class='ocrx_word' id='word_1_177' title='bbox 443 2201 587 2276; x_wconf 85' lang='lat' dir='ltr'>proverbio</span> <span class='ocrx_word' id='word_1_178' title='bbox 610 2212 652 2259; x_wconf 92' lang='lat' dir='ltr'>est</span> <span class='ocrx_word' id='word_1_179' title='bbox 667 2197 789 2259; x_wconf 90' lang='lat' dir='ltr'>‘montes</span> <span class='ocrx_word' id='word_1_180' title='bbox 810 2197 927 2260; x_wconf 83' lang='lat' dir='ltr'>aureos’.</span> <span class='ocrx_word' id='word_1_181' title='bbox 970 2202 1036 2277; x_wconf 90' lang='lat' dir='ltr'>quid</span> <span class='ocrx_word' id='word_1_182' title='bbox 1054 2200 1167 2276; x_wconf 88' lang='lat' dir='ltr'>prodest</span> <span class='ocrx_word' id='word_1_183' title='bbox 1187 2209 1252 2274; x_wconf 90' lang='lat' dir='ltr'>post</span> <span class='ocrx_word' id='word_1_184' title='bbox 1334 2217 1344 2236; x_wconf 75' lang='lat'><em>¹</em></span> 
     </span>
     <span class='ocr_line' id='line_1_24' title="bbox 175 2283 1250 2361; baseline -0.001 -19"><span class='ocrx_word' id='word_1_185' title='bbox 175 2286 285 2343; x_wconf 90' lang='lat' dir='ltr'>morbos</span> <span class='ocrx_word' id='word_1_186' title='bbox 306 2304 365 2344; x_wconf 91' lang='lat' dir='ltr'>sera</span> <span class='ocrx_word' id='word_1_187' title='bbox 387 2287 503 2344; x_wconf 91' lang='lat' dir='ltr'>remedia</span> <span class='ocrx_word' id='word_1_188' title='bbox 524 2303 654 2361; x_wconf 89' lang='lat' dir='ltr'>quaerero</span> <span class='ocrx_word' id='word_1_189' title='bbox 676 2299 703 2345; x_wconf 90' lang='lat' dir='ltr'>et</span> <span class='ocrx_word' id='word_1_190' title='bbox 718 2289 826 2346; x_wconf 87' lang='lat' dir='ltr'>Cratero</span> <span class='ocrx_word' id='word_1_191' title='bbox 849 2288 952 2345; x_wconf 85' lang='lat' dir='ltr'>medico</span> <span class='ocrx_word' id='word_1_192' title='bbox 973 2285 1057 2344; x_wconf 88' lang='lat' dir='ltr'>multa</span> <span class='ocrx_word' id='word_1_193' title='bbox 1070 2283 1250 2360; x_wconf 70' lang='lat' dir='ltr'>promittere?</span> 
     </span>
     <span class='ocr_line' id='line_1_25' title="bbox 174 2371 1249 2447; baseline 0.003 -23"><span class='ocrx_word' id='word_1_194' title='bbox 174 2371 218 2427; x_wconf 93' lang='lat' dir='ltr'>hic</span> <span class='ocrx_word' id='word_1_195' title='bbox 251 2371 375 2429; x_wconf 83' lang='lat' dir='ltr'>Craterus</span> <span class='ocrx_word' id='word_1_196' title='bbox 407 2372 522 2447; x_wconf 77' lang='lat' dir='ltr'>Augusti</span> <span class='ocrx_word' id='word_1_197' title='bbox 552 2373 718 2447; x_wconf 88' lang='lat' dir='ltr'>temporibus</span> <span class='ocrx_word' id='word_1_198' title='bbox 748 2372 845 2430; x_wconf 88' lang='lat' dir='ltr'>nobibs</span> <span class='ocrx_word' id='word_1_199' title='bbox 880 2372 932 2429; x_wconf 88' lang='lat' dir='ltr'>luit</span> <span class='ocrx_word' id='word_1_200' title='bbox 960 2372 1095 2436; x_wconf 86' lang='lat' dir='ltr'>medicus,</span> <span class='ocrx_word' id='word_1_201' title='bbox 1129 2371 1163 2428; x_wconf 94' lang='lat' dir='ltr'>de</span> <span class='ocrx_word' id='word_1_202' title='bbox 1195 2388 1249 2445; x_wconf 92' lang='lat' dir='ltr'>quo</span> 
     </span>
     <span class='ocr_line' id='line_1_26' title="bbox 175 2453 1248 2534; baseline 0 -21"><span class='ocrx_word' id='word_1_203' title='bbox 175 2455 300 2514; x_wconf 85' lang='lat' dir='ltr'>Horatius</span> <span class='ocrx_word' id='word_1_204' title='bbox 313 2457 388 2532; x_wconf 20' lang='lat' dir='ltr'>,dicit</span> <span class='ocrx_word' id='word_1_205' title='bbox 410 2457 475 2534; x_wconf 86' lang='lat' dir='ltr'>[sat.</span> <span class='ocrx_word' id='word_1_206' title='bbox 493 2458 521 2524; x_wconf 84' lang='lat'>2,</span> <span class='ocrx_word' id='word_1_207' title='bbox 543 2461 570 2522; x_wconf 83' lang='lat'>3,</span> <span class='ocrx_word' id='word_1_208' title='bbox 591 2457 661 2533; x_wconf 87' lang='grc'><strong>161]</strong></span> <span class='ocrx_word' id='word_1_209' title='bbox 678 2453 750 2514; x_wconf 89' lang='lat' dir='ltr'>‘non</span> <span class='ocrx_word' id='word_1_210' title='bbox 774 2467 816 2515; x_wconf 90' lang='lat' dir='ltr'>est</span> <span class='ocrx_word' id='word_1_211' title='bbox 830 2458 975 2524; x_wconf 88' lang='lat' dir='ltr'>cardiacus,</span> <span class='ocrx_word' id='word_1_212' title='bbox 999 2457 1136 2514; x_wconf 81' lang='lat' dir='ltr'>Craterum</span> <span class='ocrx_word' id='word_1_213' title='bbox 1154 2456 1248 2513; x_wconf 86' lang='lat' dir='ltr'>dixisse</span> 
     </span>
     <span class='ocr_line' id='line_1_27' title="bbox 174 2538 1249 2617; baseline -0.002 -18"><span class='ocrx_word' id='word_1_214' title='bbox 174 2538 291 2616; x_wconf 87' lang='lat' dir='ltr'>putato’.</span> <span class='ocrx_word' id='word_1_215' title='bbox 335 2560 383 2617; x_wconf 91' lang='lat' dir='ltr'>per</span> <span class='ocrx_word' id='word_1_216' title='bbox 411 2544 484 2600; x_wconf 92' lang='lat' dir='ltr'>hunc</span> <span class='ocrx_word' id='word_1_217' title='bbox 516 2560 622 2600; x_wconf 83' lang='lat' dir='ltr'>omnem</span> <span class='ocrx_word' id='word_1_218' title='bbox 654 2544 786 2600; x_wconf 90' lang='lat' dir='ltr'>medicum</span> <span class='ocrx_word' id='word_1_219' title='bbox 808 2542 864 2600; x_wconf 89' lang='lat' dir='ltr'>vult</span> <span class='ocrx_word' id='word_1_220' title='bbox 886 2543 978 2616; x_wconf 88' lang='lat' dir='ltr'>accipi.</span> <span class='ocrx_word' id='word_1_221' title='bbox 1053 2543 1092 2600; x_wconf 87' lang='grc'>66</span> <span class='ocrx_word' id='word_1_222' title='bbox 1119 2541 1249 2598; x_wconf 87' lang='lat' dir='ltr'>disciteo</span> 
     </span>
     <span class='ocr_line' id='line_1_28' title="bbox 175 2627 1251 2701; baseline 0.001 -20"><span class='ocrx_word' id='word_1_223' title='bbox 175 2628 263 2684; x_wconf 91' lang='lat' dir='ltr'>miseri</span> <span class='ocrx_word' id='word_1_224' title='bbox 284 2637 313 2686; x_wconf 90' lang='lat' dir='ltr'>et</span> <span class='ocrx_word' id='word_1_225' title='bbox 334 2644 427 2686; x_wconf 85' lang='lat' dir='ltr'>causas</span> <span class='ocrx_word' id='word_1_226' title='bbox 449 2644 529 2700; x_wconf 84' lang='lat' dir='ltr'>cogn.</span> <span class='ocrx_word' id='word_1_227' title='bbox 551 2644 575 2683; x_wconf 93' lang='lat' dir='ltr'>r.</span> <span class='ocrx_word' id='word_1_228' title='bbox 598 2627 623 2682; x_wconf 91' lang='lat' dir='ltr'>id</span> <span class='ocrx_word' id='word_1_229' title='bbox 646 2637 686 2684; x_wconf 89' lang='lat' dir='ltr'>est</span> <span class='ocrx_word' id='word_1_230' title='bbox 702 2627 908 2701; x_wconf 89' lang='lat' dir='ltr'>philosophiam.</span> <span class='ocrx_word' id='word_1_231' title='bbox 953 2627 1017 2684; x_wconf 86' lang='lat' dir='ltr'>dicit</span> <span class='ocrx_word' id='word_1_232' title='bbox 1032 2642 1251 2700; x_wconf 89' lang='lat' dir='ltr'>unumquemque</span> 
     </span>
     <span class='ocr_line' id='line_1_29' title="bbox 176 2710 1251 2786; baseline -0.001 -19"><span class='ocrx_word' id='word_1_233' title='bbox 176 2710 276 2768; x_wconf 89' lang='lat' dir='ltr'>debere</span> <span class='ocrx_word' id='word_1_234' title='bbox 304 2712 405 2769; x_wconf 90' lang='lat' dir='ltr'>discere</span> <span class='ocrx_word' id='word_1_235' title='bbox 434 2713 552 2768; x_wconf 89' lang='lat' dir='ltr'>omnium</span> <span class='ocrx_word' id='word_1_236' title='bbox 575 2728 665 2768; x_wconf 92' lang='lat' dir='ltr'>rerum</span> <span class='ocrx_word' id='word_1_237' title='bbox 687 2712 827 2778; x_wconf 90' lang='lat' dir='ltr'>rationem,</span> <span class='ocrx_word' id='word_1_238' title='bbox 856 2723 887 2769; x_wconf 88' lang='lat' dir='ltr'>ut</span> <span class='ocrx_word' id='word_1_239' title='bbox 908 2713 976 2770; x_wconf 91' lang='lat' dir='ltr'>sciat</span> <span class='ocrx_word' id='word_1_240' title='bbox 996 2711 1058 2786; x_wconf 91' lang='lat' dir='ltr'>quid</span> <span class='ocrx_word' id='word_1_241' title='bbox 1081 2713 1139 2785; x_wconf 90' lang='lat' dir='ltr'>ipse</span> <span class='ocrx_word' id='word_1_242' title='bbox 1160 2719 1201 2768; x_wconf 89' lang='lat' dir='ltr'>est</span> <span class='ocrx_word' id='word_1_243' title='bbox 1222 2717 1251 2767; x_wconf 92' lang='lat' dir='ltr'>et</span> 
     </span>
     <span class='ocr_line' id='line_1_30' title="bbox 176 2794 1250 2870; baseline 0.001 -18"><span class='ocrx_word' id='word_1_244' title='bbox 176 2794 211 2852; x_wconf 93' lang='lat' dir='ltr'>ob</span> <span class='ocrx_word' id='word_1_245' title='bbox 246 2812 326 2869; x_wconf 92' lang='lat' dir='ltr'>qnam</span> <span class='ocrx_word' id='word_1_246' title='bbox 359 2813 464 2853; x_wconf 89' lang='lat' dir='ltr'>causam</span> <span class='ocrx_word' id='word_1_247' title='bbox 497 2808 576 2852; x_wconf 88' lang='lat' dir='ltr'>natus</span> <span class='ocrx_word' id='word_1_248' title='bbox 604 2805 660 2862; x_wconf 86' lang='lat' dir='ltr'>est,</span> <span class='ocrx_word' id='word_1_249' title='bbox 689 2799 734 2854; x_wconf 92' lang='lat' dir='ltr'>sed</span> <span class='ocrx_word' id='word_1_250' title='bbox 764 2805 792 2854; x_wconf 88' lang='lat' dir='ltr'>et</span> <span class='ocrx_word' id='word_1_251' title='bbox 815 2796 895 2854; x_wconf 86' lang='lat' dir='ltr'>finem</span> <span class='ocrx_word' id='word_1_252' title='bbox 925 2797 993 2854; x_wconf 90' lang='lat' dir='ltr'>vitae</span> <span class='ocrx_word' id='word_1_253' title='bbox 1014 2796 1112 2853; x_wconf 89' lang='lat' dir='ltr'>intueri</span> <span class='ocrx_word' id='word_1_254' title='bbox 1133 2806 1160 2852; x_wconf 92' lang='lat' dir='ltr'>et</span> <span class='ocrx_word' id='word_1_255' title='bbox 1181 2813 1250 2870; x_wconf 90' lang='lat' dir='ltr'>quae</span> 
     </span>
     <span class='ocr_line' id='line_1_31' title="bbox 177 2878 1251 2956; baseline 0 -19"><span class='ocrx_word' id='word_1_256' title='bbox 177 2878 271 2954; x_wconf 82' lang='lat' dir='ltr'>fugiat,</span> <span class='ocrx_word' id='word_1_257' title='bbox 295 2897 363 2955; x_wconf 91' lang='lat' dir='ltr'>quae</span> <span class='ocrx_word' id='word_1_258' title='bbox 385 2889 507 2955; x_wconf 82' lang='lat' dir='ltr'>exoptet,</span> <span class='ocrx_word' id='word_1_259' title='bbox 531 2897 610 2955; x_wconf 91' lang='lat' dir='ltr'>quem</span> <span class='ocrx_word' id='word_1_260' title='bbox 632 2883 739 2939; x_wconf 89' lang='lat' dir='ltr'>modurn</span> <span class='ocrx_word' id='word_1_261' title='bbox 761 2883 789 2939; x_wconf 96' lang='lat' dir='ltr'>in</span> <span class='ocrx_word' id='word_1_262' title='bbox 812 2883 957 2956; x_wconf 89' lang='lat' dir='ltr'>cupiditate</span> <span class='ocrx_word' id='word_1_263' title='bbox 980 2890 1082 2947; x_wconf 87' lang='lat' dir='ltr'>teneat,</span> <span class='ocrx_word' id='word_1_264' title='bbox 1105 2881 1180 2956; x_wconf 92' lang='lat' dir='ltr'>quod</span> <span class='ocrx_word' id='word_1_265' title='bbox 1199 2879 1251 2937; x_wconf 92' lang='lat' dir='ltr'>bo·</span> 
     </span>
     <span class='ocr_line' id='line_1_32' title="bbox 178 2966 1252 3042; baseline 0.001 -22"><span class='ocrx_word' id='word_1_266' title='bbox 178 2982 256 3031; x_wconf 89' lang='lat' dir='ltr'>num,</span> <span class='ocrx_word' id='word_1_267' title='bbox 288 2967 362 3041; x_wconf 91' lang='lat' dir='ltr'>quod</span> <span class='ocrx_word' id='word_1_268' title='bbox 394 2983 519 3040; x_wconf 90' lang='lat' dir='ltr'>asperum</span> <span class='ocrx_word' id='word_1_269' title='bbox 553 2982 678 3024; x_wconf 89' lang='lat' dir='ltr'>nummus</span> <span class='ocrx_word' id='word_1_270' title='bbox 700 2966 809 3032; x_wconf 89' lang='lat' dir='ltr'>habeat,</span> <span class='ocrx_word' id='word_1_271' title='bbox 839 2967 880 3024; x_wconf 88' lang='lat' dir='ltr'>rel</span> <span class='ocrx_word' id='word_1_272' title='bbox 903 2978 1032 3042; x_wconf 89' lang='lat' dir='ltr'>quantum</span> <span class='ocrx_word' id='word_1_273' title='bbox 1054 2968 1110 3023; x_wconf 88' lang='lat' dir='ltr'>suis</span> <span class='ocrx_word' id='word_1_274' title='bbox 1130 2966 1252 3041; x_wconf 89' lang='lat' dir='ltr'>parenti-</span> 
     </span>
     <span class='ocr_line' id='line_1_33' title="bbox 174 3049 1252 3127; baseline 0.001 -21"><span class='ocrx_word' id='word_1_275' title='bbox 174 3049 226 3108; x_wconf 91' lang='lat' dir='ltr'>bus</span> <span class='ocrx_word' id='word_1_276' title='bbox 258 3050 350 3125; x_wconf 89' lang='lat' dir='ltr'>largiri</span> <span class='ocrx_word' id='word_1_277' title='bbox 383 3060 500 3126; x_wconf 88' lang='lat' dir='ltr'>oportet.</span> <span class='ocrx_word' id='word_1_278' title='bbox 554 3060 584 3108; x_wconf 88' lang='lat' dir='ltr'>ut</span> <span class='ocrx_word' id='word_1_279' title='bbox 618 3053 747 3126; x_wconf 88' lang='lat' dir='ltr'>Vergilius</span> <span class='ocrx_word' id='word_1_280' title='bbox 781 3053 925 3127; x_wconf 88' lang='lat' dir='ltr'>sapientem</span> <span class='ocrx_word' id='word_1_281' title='bbox 961 3051 1064 3108; x_wconf 79' lang='lat' dir='ltr'>felicem</span> <span class='ocrx_word' id='word_1_282' title='bbox 1097 3069 1154 3109; x_wconf 89' lang='lat' dir='ltr'>esse</span> <span class='ocrx_word' id='word_1_283' title='bbox 1187 3050 1252 3107; x_wconf 80' lang='lat' dir='ltr'>dixit</span> 
     </span>
     <span class='ocr_line' id='line_1_34' title="bbox 176 3129 1252 3212; baseline -0.001 -19"><span class='ocrx_word' id='word_1_284' title='bbox 176 3134 214 3209; x_wconf 74' lang='lat' dir='ltr'>[p.</span> <span class='ocrx_word' id='word_1_285' title='bbox 231 3137 260 3201; x_wconf 85' lang='lat'>2,</span> <span class='ocrx_word' id='word_1_286' title='bbox 276 3135 350 3211; x_wconf 83' lang='lat' dir='ltr'>tto]</span> <span class='ocrx_word' id='word_1_287' title='bbox 376 3129 456 3194; x_wconf 85' lang='lat' dir='ltr'>‘lelix</span> <span class='ocrx_word' id='word_1_288' title='bbox 485 3137 532 3211; x_wconf 94' lang='lat' dir='ltr'>qui</span> <span class='ocrx_word' id='word_1_289' title='bbox 564 3138 655 3211; x_wconf 89' lang='lat' dir='ltr'>potuit</span> <span class='ocrx_word' id='word_1_290' title='bbox 682 3154 773 3195; x_wconf 88' lang='lat' dir='ltr'>rerum</span> <span class='ocrx_word' id='word_1_291' title='bbox 809 3154 973 3212; x_wconf 86' lang='lat' dir='ltr'>cognoscere</span> <span class='ocrx_word' id='word_1_292' title='bbox 1003 3132 1115 3193; x_wconf 90' lang='lat' dir='ltr'>causas&#39;.</span> <span class='ocrx_word' id='word_1_293' title='bbox 1159 3135 1252 3193; x_wconf 90' lang='lat' dir='ltr'>discite</span> 
     </span>
     <span class='ocr_line' id='line_1_35' title="bbox 176 3222 1250 3296; baseline 0.001 -20"><span class='ocrx_word' id='word_1_294' title='bbox 176 3237 240 3294; x_wconf 89' lang='lat' dir='ltr'>ergo</span> <span class='ocrx_word' id='word_1_295' title='bbox 263 3231 309 3278; x_wconf 89' lang='lat' dir='ltr'>ant</span> <span class='ocrx_word' id='word_1_296' title='bbox 330 3222 477 3278; x_wconf 91' lang='lat' dir='ltr'>naturalem</span> <span class='ocrx_word' id='word_1_297' title='bbox 492 3222 687 3296; x_wconf 84' lang='lat' dir='ltr'>philosophiam</span> <span class='ocrx_word' id='word_1_298' title='bbox 702 3233 748 3280; x_wconf 85' lang='lat' dir='ltr'>ant</span> <span class='ocrx_word' id='word_1_299' title='bbox 762 3223 900 3280; x_wconf 91' lang='lat' dir='ltr'>moralem.</span> <span class='ocrx_word' id='word_1_300' title='bbox 969 3223 1008 3281; x_wconf 83' lang='lat'>69</span> <span class='ocrx_word' id='word_1_301' title='bbox 1031 3237 1110 3296; x_wconf 83' lang='lat' dir='ltr'>asper</span> <span class='ocrx_word' id='word_1_302' title='bbox 1125 3237 1250 3279; x_wconf 88' lang='lat' dir='ltr'>nummus</span> 
     </span>
     <span class='ocr_line' id='line_1_36' title="bbox 177 3306 1251 3382; baseline -0.002 -20"><span class='ocrx_word' id='word_1_303' title='bbox 177 3315 223 3362; x_wconf 92' lang='lat' dir='ltr'>aut</span> <span class='ocrx_word' id='word_1_304' title='bbox 244 3307 313 3364; x_wconf 90' lang='lat' dir='ltr'>male</span> <span class='ocrx_word' id='word_1_305' title='bbox 327 3315 421 3381; x_wconf 89' lang='lat' dir='ltr'>partus</span> <span class='ocrx_word' id='word_1_306' title='bbox 435 3316 482 3365; x_wconf 89' lang='lat' dir='ltr'>aut</span> <span class='ocrx_word' id='word_1_307' title='bbox 495 3306 665 3365; x_wconf 88' lang='lat' dir='ltr'>criminosus.</span> <span class='ocrx_word' id='word_1_308' title='bbox 742 3310 780 3366; x_wconf 82' lang='lat'>73</span> <span class='ocrx_word' id='word_1_309' title='bbox 804 3309 876 3364; x_wconf 86' lang='lat' dir='ltr'>disce</span> <span class='ocrx_word' id='word_1_310' title='bbox 897 3306 1103 3382; x_wconf 87' lang='lat' dir='ltr'>philosophiam.</span> <span class='ocrx_word' id='word_1_311' title='bbox 1146 3315 1175 3364; x_wconf 88' lang='lat' dir='ltr'>et</span> <span class='ocrx_word' id='word_1_312' title='bbox 1195 3321 1251 3361; x_wconf 94' lang='lat' dir='ltr'>non</span> 
     </span>
     <span class='ocr_line' id='line_1_37' title="bbox 176 3391 1251 3468; baseline 0 -22"><span class='ocrx_word' id='word_1_313' title='bbox 176 3391 295 3450; x_wconf 90' lang='lat' dir='ltr'>invideas</span> <span class='ocrx_word' id='word_1_314' title='bbox 328 3392 468 3459; x_wconf 81' lang='lat' dir='ltr'>divitibus,</span> <span class='ocrx_word' id='word_1_315' title='bbox 502 3393 576 3466; x_wconf 90' lang='lat' dir='ltr'>qnod</span> <span class='ocrx_word' id='word_1_316' title='bbox 609 3393 752 3468; x_wconf 84' lang='lat' dir='ltr'>sapientiae</span> <span class='ocrx_word' id='word_1_317' title='bbox 781 3410 835 3449; x_wconf 93' lang='lat' dir='ltr'>non</span> <span class='ocrx_word' id='word_1_318' title='bbox 859 3402 909 3450; x_wconf 88' lang='lat' dir='ltr'>est.</span> <span class='ocrx_word' id='word_1_319' title='bbox 952 3393 979 3448; x_wconf 93' lang='lat' dir='ltr'>in</span> <span class='ocrx_word' id='word_1_320' title='bbox 1002 3407 1117 3466; x_wconf 92' lang='lat' dir='ltr'>quorum</span> <span class='ocrx_word' id='word_1_321' title='bbox 1140 3391 1251 3450; x_wconf 89' lang='lat' dir='ltr'>cellariis</span> 
     </span>
     <span class='ocr_line' id='line_1_38' title="bbox 176 3476 1251 3553; baseline -0.001 -22"><span class='ocrx_word' id='word_1_322' title='bbox 176 3485 250 3534; x_wconf 90' lang='lat' dir='ltr'>tanta</span> <span class='ocrx_word' id='word_1_323' title='bbox 273 3487 314 3534; x_wconf 89' lang='lat' dir='ltr'>est</span> <span class='ocrx_word' id='word_1_324' title='bbox 336 3478 434 3552; x_wconf 90' lang='lat' dir='ltr'>dapum</span> <span class='ocrx_word' id='word_1_325' title='bbox 456 3476 626 3542; x_wconf 87' lang='lat' dir='ltr'>abundantia,</span> <span class='ocrx_word' id='word_1_326' title='bbox 649 3489 681 3535; x_wconf 85' lang='lat' dir='ltr'>ut</span> <span class='ocrx_word' id='word_1_327' title='bbox 702 3478 781 3535; x_wconf 86' lang='lat' dir='ltr'>etiam</span> <span class='ocrx_word' id='word_1_328' title='bbox 802 3486 960 3553; x_wconf 87' lang='lat' dir='ltr'>putrescant</span> <span class='ocrx_word' id='word_1_329' title='bbox 981 3477 1075 3552; x_wconf 90' lang='lat' dir='ltr'>epulae</span> <span class='ocrx_word' id='word_1_330' title='bbox 1097 3494 1164 3551; x_wconf 89' lang='lat' dir='ltr'>quae</span> <span class='ocrx_word' id='word_1_331' title='bbox 1181 3491 1251 3534; x_wconf 88' lang='lat' dir='ltr'>con-</span> 
     </span>
    </p>
   </div>
   <div class='ocr_carea' id='block_1_6' title="bbox 177 3640 1252 3979">
    <p class='ocr_par' dir='ltr' id='par_1_14' title="bbox 177 3640 1252 3844">
     <span class='ocr_line' id='line_1_39' title="bbox 263 3640 1251 3706; baseline -0.003 -14"><span class='ocrx_word' id='word_1_332' title='bbox 263 3642 295 3692; x_wconf 77' lang='grc'>62</span> <span class='ocrx_word' id='word_1_333' title='bbox 314 3640 381 3692; x_wconf 92' lang='lat' dir='ltr'>bibis</span> <span class='ocrx_word' id='word_1_334' title='bbox 399 3648 423 3692; x_wconf 88' lang='grc' dir='ltr'><strong>α</strong></span> <span class='ocrx_word' id='word_1_335' title='bbox 501 3643 533 3694; x_wconf 84' lang='grc'>63</span> <span class='ocrx_word' id='word_1_336' title='bbox 551 3641 619 3693; x_wconf 85' lang='lat' dir='ltr'>llell-</span> <span class='ocrx_word' id='word_1_337' title='bbox 637 3649 661 3693; x_wconf 88' lang='grc' dir='ltr'><strong>α</strong></span> <span class='ocrx_word' id='word_1_338' title='bbox 747 3645 780 3696; x_wconf 96' lang='grc'>66</span> <span class='ocrx_word' id='word_1_339' title='bbox 797 3642 893 3694; x_wconf 85' lang='lat' dir='ltr'>Discite</span> <span class='ocrx_word' id='word_1_340' title='bbox 911 3657 927 3694; x_wconf 93' lang='lat' dir='ltr'>o</span> <span class='ocrx_word' id='word_1_341' title='bbox 947 3643 999 3693; x_wconf 84' lang='grc' dir='ltr'>αΡ</span> <span class='ocrx_word' id='word_1_342' title='bbox 1012 3641 1180 3706; x_wconf 79' lang='lat' dir='ltr'>Augustinus</span> <span class='ocrx_word' id='word_1_343' title='bbox 1198 3641 1251 3690; x_wconf 85' lang='lat' dir='ltr'>eiu.</span> 
     </span>
     <span class='ocr_line' id='line_1_40' title="bbox 177 3707 1251 3776; baseline 0.002 -18"><span class='ocrx_word' id='word_1_344' title='bbox 177 3707 202 3758; x_wconf 84' lang='lat' dir='ltr'>d.</span> <span class='ocrx_word' id='word_1_345' title='bbox 220 3708 296 3760; x_wconf 79' lang='lat'><em>116:</em></span> <span class='ocrx_word' id='word_1_346' title='bbox 318 3707 466 3776; x_wconf 85' lang='lat' dir='ltr'>Disciteqne</span> <span class='ocrx_word' id='word_1_347' title='bbox 489 3725 505 3760; x_wconf 93' lang='lat' dir='ltr'>o</span> <span class='ocrx_word' id='word_1_348' title='bbox 529 3714 577 3760; x_wconf 86' lang='lat' dir='ltr'>out</span> <span class='ocrx_word' id='word_1_349' title='bbox 598 3709 694 3762; x_wconf 85' lang='lat' dir='ltr'>Discite</span> <span class='ocrx_word' id='word_1_350' title='bbox 716 3718 743 3762; x_wconf 89' lang='lat' dir='ltr'>et</span> <span class='ocrx_word' id='word_1_351' title='bbox 766 3726 781 3762; x_wconf 94' lang='lat' dir='ltr'>o</span> <span class='ocrx_word' id='word_1_352' title='bbox 803 3725 837 3762; x_wconf 90' lang='lat' dir='ltr'>m.</span> <span class='ocrx_word' id='word_1_353' title='bbox 861 3723 951 3762; x_wconf 89' lang='lat' dir='ltr'>causas</span> <span class='ocrx_word' id='word_1_354' title='bbox 969 3713 989 3774; x_wconf 85' lang='grc' dir='ltr'><strong><em>ς</em></strong></span> <span class='ocrx_word' id='word_1_355' title='bbox 1005 3710 1031 3761; x_wconf 91' lang='lat' dir='ltr'>io</span> <span class='ocrx_word' id='word_1_356' title='bbox 1048 3709 1178 3760; x_wconf 82' lang='lat' dir='ltr'>Borths&#39;us</span> <span class='ocrx_word' id='word_1_357' title='bbox 1202 3721 1251 3760; x_wconf 87' lang='lat' dir='ltr'>uos</span> 
     </span>
     <span class='ocr_line' id='line_1_41' title="bbox 179 3775 1252 3844; baseline 0.001 -17"><span class='ocrx_word' id='word_1_358' title='bbox 179 3775 290 3827; x_wconf 80' lang='lat' dir='ltr'>Guietus</span> <span class='ocrx_word' id='word_1_359' title='bbox 358 3779 390 3830; x_wconf 78' lang='lat' dir='ltr'>dl</span> <span class='ocrx_word' id='word_1_360' title='bbox 409 3778 537 3843; x_wconf 81' lang='lat' dir='ltr'>gignimus</span> <span class='ocrx_word' id='word_1_361' title='bbox 556 3785 580 3829; x_wconf 84' lang='grc' dir='ltr'><em>α</em></span> <span class='ocrx_word' id='word_1_362' title='bbox 657 3781 688 3832; x_wconf 84' lang='grc'>68</span> <span class='ocrx_word' id='word_1_363' title='bbox 707 3795 739 3831; x_wconf 87' lang='grc'>66</span> <span class='ocrx_word' id='word_1_364' title='bbox 757 3781 823 3844; x_wconf 84' lang='lat' dir='ltr'>Ppr.</span> <span class='ocrx_word' id='word_1_365' title='bbox 893 3793 981 3830; x_wconf 89' lang='lat' dir='ltr'>meeae</span> <span class='ocrx_word' id='word_1_366' title='bbox 1000 3786 1024 3829; x_wconf 84' lang='grc' dir='ltr'>α</span> <span class='ocrx_word' id='word_1_367' title='bbox 1093 3791 1168 3844; x_wconf 88' lang='lat' dir='ltr'>quam</span> <span class='ocrx_word' id='word_1_368' title='bbox 1186 3777 1252 3841; x_wconf 78' lang='lat' dir='ltr'>Ppr.</span> 
     </span>
    </p>

    <p class='ocr_par' dir='ltr' id='par_1_15' title="bbox 177 3843 1252 3979">
     <span class='ocr_line' id='line_1_42' title="bbox 263 3843 1252 3912; baseline -0.003 -15"><span class='ocrx_word' id='word_1_369' title='bbox 263 3847 296 3898; x_wconf 91' lang='grc'>69</span> <span class='ocrx_word' id='word_1_370' title='bbox 320 3846 418 3911; x_wconf 85' lang='lat' dir='ltr'>argenti</span> <span class='ocrx_word' id='word_1_371' title='bbox 442 3845 612 3912; x_wconf 76' lang='lat' dir='ltr'>Augustinus</span> <span class='ocrx_word' id='word_1_372' title='bbox 715 3851 747 3900; x_wconf 84' lang='lat' dir='ltr'>‘ld</span> <span class='ocrx_word' id='word_1_373' title='bbox 766 3845 802 3899; x_wconf 84' lang='lat' dir='ltr'>Vt</span> <span class='ocrx_word' id='word_1_374' title='bbox 822 3847 867 3898; x_wconf 91' lang='lat' dir='ltr'>ille</span> <span class='ocrx_word' id='word_1_375' title='bbox 893 3847 963 3912; x_wconf 81' lang='lat' dir='ltr'>Ppr.</span> <span class='ocrx_word' id='word_1_376' title='bbox 1067 3849 1098 3898; x_wconf 90' lang='lat' dir='ltr'>&#39;ll</span> <span class='ocrx_word' id='word_1_377' title='bbox 1123 3843 1208 3909; x_wconf 83' lang='lat' dir='ltr'>largiri</span> <span class='ocrx_word' id='word_1_378' title='bbox 1227 3850 1252 3894; x_wconf 86' lang='grc' dir='ltr'>α</span> 
     </span>
     <span class='ocr_line' id='line_1_43' title="bbox 177 3912 618 3979; baseline 0.007 -16"><span class='ocrx_word' id='word_1_379' title='bbox 177 3912 348 3979; x_wconf 78' lang='lat' dir='ltr'>Augustinus</span> <span class='ocrx_word' id='word_1_380' title='bbox 416 3917 449 3967; x_wconf 79' lang='lat'>73</span> <span class='ocrx_word' id='word_1_381' title='bbox 467 3914 576 3966; x_wconf 83' lang='lat' dir='ltr'>inuidiae</span> <span class='ocrx_word' id='word_1_382' title='bbox 594 3922 618 3966; x_wconf 90' lang='grc' dir='ltr'><strong>α</strong></span> 
     </span>
    </p>
   </div>
   <div class='ocr_carea' id='block_1_7' title="bbox 0 0 1406 4444">
    <p class='ocr_par' dir='ltr' id='par_1_16' title="bbox 0 0 1406 4444">
     <span class='ocr_line' id='line_1_44' title="bbox 0 0 1406 4444; baseline 0 0"><span class='ocrx_word' id='word_1_383' title='bbox 0 0 1406 4444; x_wconf 95' lang='lat' dir='ltr'> </span> 
     </span>
    </p>
   </div>
  </div>
 </body>
</html>
