2792 4444
613 216 787 271 snxvxnv
1198 219 1239 280 43
1340 204 1394 302 <b

161 479 232 538 dum
254 482 368 536 veteres
390 475 467 536 avias
489 474 543 535 tibi
566 474 602 536 dc
624 475 767 555 pulmone
789 477 908 538 revello.

161 580 224 624 non
248 560 393 639 praetoris
415 569 479 620 erat
499 559 597 621 stultis
619 561 688 621 dare
710 561 807 622 tenvia
832 580 932 624 rerum

162 646 258 708 officia
281 654 369 725 atque
391 663 479 706 usum
501 645 621 725 rapidae
643 627 815 724 permr‘llerc
837 647 929 708 vitae:

161 713 332 794 sambucam
354 731 441 792 citius
463 730 560 792 caloni
583 732 727 810 aptaveris
749 732 818 792 alto.
1210 742 1239 792 95

160 824 218 878 stat
239 823 343 877 contra
366 815 440 876 ratio
463 824 493 876 et
514 825 658 878 secretam
681 817 826 895 garritio
849 833 961 888 aurem,

161 921 200 962 ne
222 901 307 962 liceat
330 901 428 962 facere
450 901 479 961 id
502 901 582 979 quod
604 901 671 979 quis
692 900 805 962 vitiabit
828 903 953 982 agendo.

160 985 279 1067 publica
301 986 348 1048 lex
370 986 525 1048 bominum
549 995 713 1064 naturaque
736 987 872 1049 continet
894 989 952 1049 hoc
973 989 1026 1062 las,

160 1080 194 1132 ut
215 1079 316 1132 teneat
335 1071 440 1133 vetitos
463 1071 578 1133 inscitia
600 1071 704 1133 debilis
727 1081 818 1134 actus.

161 1156 247 1218 diluis
270 1145 443 1228 elleborum,
467 1167 549 1218 certo
572 1175 755 1237 conpescere
778 1167 890 1237 puncto

161 1241 279 1303 nescius
302 1239 448 1302 examen?
472 1249 548 1304 vetat
569 1242 627 1302 hoc
649 1252 753 1303 natura
778 1242 925 1305 medendi.

161 1345 265 1388 navem
288 1326 313 1388 si
336 1335 438 1406 poscat
459 1326 515 1387 sibi
538 1334 701 1406 peronatus
722 1335 821 1388 arator

161 1410 276 1472 luciferi
298 1411 391 1485 rudis,
414 1412 558 1473 exclamet
579 1412 729 1473 Melicerta
752 1412 864 1491 perisse

162 1497 292 1557 frontem
316 1497 473 1558 derebus.
512 1497 564 1558 tibi
586 1506 669 1558 recto
692 1498 790 1558 vivere
811 1497 871 1558 talo

160 391 251 465 disce,
274 390 325 451 sed
349 389 392 451 ira
413 389 498 450 cadat
520 407 592 452 naso
616 407 786 468 rugosaque
808 409 911 465 sanna,
1046 361 1048 368 Ι
1162 303 1363 569 ῳψῇἕ

1224 569 1246 604 γ

159 1600 206 1642 ars
228 1579 329 1642 dediti
353 1592 382 1642 et
402 1583 479 1644 veris
501 1582 632 1662 speciem
654 1581 811 1644 dinoscere
834 1583 932 1655 calles,

159 1684 257 1744 nequa
279 1664 435 1729 subaerato
459 1667 635 1729 mendosum
657 1668 766 1729 tinniat
787 1666 881 1729 auro?

158 1769 295 1830 quaeque
318 1752 469 1830 sequenda
492 1753 601 1826 forent,
625 1771 760 1832 quaeque
783 1754 915 1813 evitanda
937 1751 1076 1825 vicissim,

155 1889 224 1962 legis
253 1887 393 1944 consultus
421 1887 482 1944 luit.
510 1887 644 1944 rubricam
671 1899 749 1946 vocat
772 1890 885 1946 minium
907 1906 962 1963 quo
984 1890 1057 1947 tituli
1077 1888 1167 1962 legum
1188 1887 1239 1944 ad-

157 1972 331 2030 notabantur.
419 1975 456 2030 9l
482 1971 562 2037 disee,
586 1972 681 2046 inquit,
705 1984 732 2028 ct
755 1974 847 2030 desine
868 1975 954 2037 irasci,
978 1990 1032 2047 quo
1044 1973 1154 2046 possim,
1175 1973 1239 2029 dum

157 2057 395 2115 subsannationem
416 2059 554 2131 posueris,
582 2057 665 2115 aniles
686 2057 790 2115 fabulas
813 2075 880 2132 quas
903 2058 999 2124 nutris,
1028 2059 1062 2113 de
1084 2057 1136 2113 luis
1157 2073 1240 2132 prae-

157 2143 255 2200 cordiis
277 2143 424 2200 extrahere.
532 2147 571 2202 95
595 2143 703 2200 calones
725 2144 851 2202 dicuntur
872 2143 999 2201 militares
1020 2142 1099 2202 servi.
1184 2140 1239 2197 alto

157 2229 223 2286 dixit
251 2229 324 2303 quod
353 2229 459 2303 proceri
487 2228 625 2301 cliguntur
650 2237 763 2305 propter
785 2228 849 2288 belli
870 2229 1065 2286 necessitatem.
1098 2236 1146 2284 aut
1166 2233 1239 2284 certe

157 2313 212 2370 alto
242 2314 316 2387 quod
344 2313 397 2369 alte
425 2314 581 2386 cinguntur.
618 2323 666 2370 ant
693 2314 747 2371 alto
771 2316 844 2389 quod
866 2313 976 2388 superbi
997 2322 1071 2370 sunt.
1108 2311 1239 2387 significat

156 2406 245 2454 autem
268 2413 325 2452 rem
345 2397 464 2470 ineptam
486 2396 589 2453 facilius
612 2397 703 2454 doceri
725 2416 806 2472 quam
828 2401 1015 2456 necessariam.
1085 2397 1238 2455 sambucam

156 2498 243 2556 genus
265 2481 332 2554 ligni
352 2480 455 2554 fragilis
476 2482 548 2538 unde
571 2482 648 2556 quasi
670 2481 748 2538 tibiae
769 2492 981 2557 componuntur.
1076 2485 1116 2541 96
1139 2481 1240 2538 resistit

157 2566 241 2632 ratio,
275 2566 302 2623 id
336 2576 377 2623 est
404 2567 548 2642 sapientia,
579 2583 614 2624 ne
642 2565 720 2622 alicui
741 2567 819 2626 liceat
840 2566 905 2623 illud
928 2566 1016 2625 lacere
1037 2566 1111 2640 quod
1133 2565 1237 2637 agendo

157 2652 233 2726 peius
255 2651 382 2708 vitiosum
410 2651 516 2710 eliciat.
607 2655 665 2711 100
689 2668 743 2708 non
766 2654 799 2709 ad
823 2653 966 2718 trutinam,
989 2651 1036 2708 sed
1057 2651 1090 2708 ad
1113 2658 1239 2707 stateram

157 2737 271 2804 rettulit,
295 2753 364 2811 quae
385 2737 494 2811 punctis
517 2747 543 2795 et
563 2737 652 2794 unciis
673 2737 804 2812 signatur.
932 2739 990 2797 103
1014 2736 1142 2794 exclamet
1164 2735 1238 2793 lleli·

158 2830 229 2878 certa
252 2822 356 2879 nullum
379 2839 438 2880 esse
459 2823 599 2897 pudorem,
623 2822 753 2897 templum
775 2823 845 2880 cuim
867 2823 979 2897 pudoris
1001 2832 1043 2880 est
1064 2822 1151 2879 frons.

242 2907 390 2965 Melicertes
407 2909 472 2965 deus
493 2909 621 2974 marinus,
645 2907 708 2964 lnus
730 2907 800 2966 lilius
822 2908 850 2964 in
873 2909 983 2966 deorum
999 2925 1142 2966 numerum
1164 2907 1238 2964 rela-

158 2999 211 3056 tus,
232 2993 280 3065 qui
302 3009 397 3064 graece
411 2997 599 3068 Παλαίμων,
618 2992 698 3050 latine
712 2993 850 3051 Portunus
866 2993 974 3050 dicitur.
1101 2995 1160 3050 104
1175 2993 1239 3048 licet

157 3076 264 3150 possint
294 3077 451 3150 simpliciter
483 3082 515 3134 ad
545 3079 695 3135 Cornutum
729 3079 797 3135 dicta
826 3077 960 3151 intellegi,
988 3077 1126 3134 manifeste
1150 3086 1236 3134 tamen

158 3161 291 3217 circuiens
318 3162 353 3219 ad
380 3162 455 3220 illum
487 3163 551 3222 dicit
579 3179 660 3238 quem
683 3163 802 3236 castigat.
936 3166 994 3222 105
1017 3162 1053 3220 ita
1075 3161 1186 3219 callidus
1209 3178 1237 3218 es

157 3245 357 3302 similitudinem
384 3248 504 3305 veritatis
531 3263 695 3322 agnoscere,
724 3257 755 3305 ut
782 3264 826 3305 aes
856 3265 923 3305 auro
955 3247 1114 3306 obvolutum
1135 3265 1236 3323 percu·

157 3329 249 3388 tiendo
277 3329 436 3405 intellegas?
466 3333 537 3390 sieut
564 3333 734 3390 nummularii
762 3333 865 3391 iaciunt
893 3335 939 3408 qui
970 3335 1091 3392 nonduin
1112 3330 1237 3388 instructi

157 3415 280 3474 denarios
302 3432 368 3474 auro
391 3416 505 3475 inlectos
527 3435 578 3494 pro
601 3434 667 3475 auro
689 3418 841 3492 accipiunt,
871 3420 931 3493 quia
955 3435 1034 3475 usum
1056 3416 1236 3474 dinoscenda-

157 3517 216 3557 rum
239 3518 330 3558 carum
353 3519 444 3560 rerum
466 3521 521 3560 non
544 3504 653 3562 babent.
787 3507 844 3562 107
868 3513 901 3560 ut
922 3503 1047 3560 Horatius
1070 3501 1135 3576 [soi.
1153 3503 1181 3567 2,
1206 3505 1234 3565 3,

243 3633 276 3684 92
295 3632 367 3684 cuias
385 3650 420 3684 erc
437 3633 509 3684 aulas
529 3636 593 3684 Pse
612 3633 684 3685 abias
703 3641 726 3685 α
744 3633 846 3686 scabies
863 3636 882 3697 ς
968 3634 1001 3684 93
1020 3633 1069 3684 erit
1087 3639 1111 3684 α
1200 3640 1236 3684 tc-

158 3713 208 3750 nna
225 3702 249 3751 P
332 3703 365 3754 9i
383 3700 409 3752 id
427 3717 478 3752 cm.
498 3708 521 3752 ot
592 3702 694 3752 nitiabit
711 3701 847 3766 florilegio
865 3702 993 3751 Parisino
1012 3705 1089 3764 (mua.
1108 3703 1183 3753 aben.
1201 3700 1234 3751 43

155 3781 183 3832 p.
195 3767 267 3832 4965:
287 3769 390 3821 uitiauit
403 3771 460 3820 αΡ
527 3772 575 3823 100
593 3768 689 3821 liilluis‘
702 3771 726 3820 P
793 3771 841 3821 102
859 3773 998 3835 peronatus
1016 3769 1098 3822 acbol.
1111 3770 1175 3820 Hor.
1195 3783 1235 3832 ep.

157 3835 187 3885 11
203 3837 226 3902 1,
247 3838 309 3888 114:
329 3838 493 3904 perocinatuc
512 3845 536 3888 α
555 3842 706 3904 perornatus
725 3838 749 3887 Ρ
816 3840 864 3890 103
883 3837 1010 3889 exclamat
1027 3839 1051 3888 P
1119 3839 1169 3894 104
1182 3835 1235 3888 rebi

157 3910 181 3954 α
256 3907 304 4024 1060
321 3905 390 3956 ueris
407 3907 439 3956 P:
458 3906 514 3957 ueri
532 3913 556 3956 α
575 3921 635 3956 cum
653 3907 731 3958 libris
748 3907 884 3957 Prisciani
897 3922 926 3971 p.
945 3904 996 3958 433
1067 3905 1234 3973 specimenti

244 3975 274 4024 10
311 3987 356 4024 oro
374 3979 399 4023 α
