2792 4444
598 210 731 264 SATVRA
747 211 770 264 ll

144 383 181 444 da
202 400 294 462 pecus
316 394 346 444 et
366 382 506 464 gregibus
526 377 639 446 letum‘.
676 402 747 463 quo,
769 384 905 463 pessime,
927 392 1025 463 paeto,

144 477 189 529 tot
209 467 263 528 tibi
285 486 352 529 curn
375 469 406 528 in
429 467 552 530 flammis
573 469 706 530 iunicum
729 479 847 532 omenta
868 467 1055 548 liquescant?

145 562 175 616 et
196 561 296 615 tamen
317 553 367 615 hic
389 553 464 615 extis
485 563 516 614 et
536 555 636 634 opimo
658 555 777 616 vincere
799 555 875 616 lerto

144 639 287 699 intendit:
307 631 378 699 ‘iarn
400 639 508 700 erescit
529 657 607 718 ager,
629 640 687 701 iam
710 640 815 701 crescit
837 639 920 712 ovile,

143 724 202 784 iam
224 723 349 799 dabitur,
371 724 429 785 iam
451 717 516 784 iam’
541 759 583 772 -
605 725 702 786 donec
723 725 865 804 deceptus
887 732 918 784 et
939 742 1043 807 exspes
1188 735 1218 787 to

143 809 324 888 nequiquam
346 809 439 870 fundo
461 809 589 888 suspiret
610 828 750 871 nummus
772 809 804 870 in
826 809 895 871 imo.

185 893 210 956 si
231 892 286 954 tibi
309 901 437 955 crateras
458 894 573 972 argenti
595 894 758 974 incusaque
780 895 885 974 pingui

142 995 216 1040 auro
238 979 316 1040 donn
337 980 440 1053 leram,
462 980 550 1044 sudes
571 987 601 1039 et
621 989 743 1059 pectore
764 979 847 1040 laevo

142 1064 272 1126 excutiat
292 1071 390 1143 guttas
412 1063 514 1126 laetari
534 1065 757 1145 praetrepidum
779 1083 840 1127 eor.

142 1148 215 1212 bino
235 1148 307 1209 illud
329 1148 429 1222 subiit,
451 1166 525 1212 auro
548 1167 647 1212 sacras
668 1151 748 1230 quod
771 1159 855 1212 ovato
1188 1158 1218 1210 55

248 1323 287 1382 47
321 1321 422 1380 iuuices
454 1322 581 1380 dicuntur
610 1330 696 1380 aetate
728 1321 865 1380 viridiores
898 1337 1009 1385 vaccae,
1041 1321 1113 1377 inter
1142 1322 1216 1379 ritu·

143 1404 182 1464 lae
204 1413 232 1464 et
252 1423 355 1464 vaccas.
377 1407 480 1466 iunices
500 1407 624 1473 feminae,
647 1407 752 1464 iuvenci
772 1407 882 1466 masculi
897 1407 1034 1464 dicuntur.
1110 1415 1216 1464 omenta

142 1499 207 1548 sunt
232 1491 402 1550 membranae
431 1509 499 1566 quae
528 1501 586 1549 exta
615 1493 765 1551 continent.
873 1494 913 1551 48
935 1492 1035 1549 fertum
1062 1508 1148 1566 genus
1175 1499 1217 1549 est

137 1577 215 1650 panis
237 1577 279 1634 vel
300 1576 355 1643 libi,
380 1579 453 1652 qood
478 1577 526 1634 diis
540 1577 656 1636 infertur
677 1594 692 1634 a
711 1577 883 1652 pontificibus
905 1578 934 1634 in
953 1575 1091 1634 sacrificio.
1114 1575 1216 1634 dictum

139 1669 229 1720 autem
249 1661 350 1720 semum
371 1679 386 1718 a
407 1661 530 1720 terendo.
573 1662 616 1719 alii
638 1680 683 1720 vas
705 1662 806 1728 dicunt,
829 1663 902 1737 quod
918 1671 1042 1719 ornatum
1058 1661 1137 1718 certis
1152 1678 1216 1736 spe-

141 1745 233 1806 ciebus
254 1747 337 1804 saeris
359 1755 387 1804 et
408 1747 538 1806 refertum
560 1748 609 1804 diis
630 1747 755 1806 infertur.
821 1765 882 1806 cum
896 1747 963 1805 baec
977 1748 1133 1804 clamantem
1148 1747 1216 1804 dens

141 1847 198 1888 non
220 1831 317 1896 audbt,
342 1841 431 1888 tamen
453 1833 654 1905 perseveratio
677 1840 741 1889 voto
764 1841 791 1889 et
812 1832 970 1890 effecturum
991 1849 1021 1890 se
1041 1839 1120 1907 putat
1140 1831 1215 1906 quod

137 1913 260 1987 improbe
281 1914 357 1990 petit,
381 1916 468 1974 donee
490 1917 563 1974 omni
583 1933 614 1973 re
636 1926 796 1990 consumpta
816 1919 850 1975 ad
870 1918 980 1974 unicum
994 1917 1118 1974 redactus
1133 1933 1217 1974 num·

138 2015 227 2066 mum,
259 2017 339 2073 quern
368 2000 395 2056 iu
425 2001 551 2058 exhausta
579 2017 640 2060 area
669 2001 725 2058 sine
746 2019 830 2060 censu
851 2003 966 2066 invenit,
996 2001 1215 2075 superstitionem

137 2101 213 2142 suam
234 2102 344 2158 gemens
368 2087 545 2144 excrucietur.
610 2103 665 2144 nou
688 2096 774 2144 cessat
795 2088 860 2145 deos
881 2085 1016 2144 sacrifieiis
1038 2085 1164 2159 fatigare,
1187 2094 1216 2144 et

136 2170 273 2243 sperando
300 2170 401 2228 divitias
429 2172 536 2230 futuras
563 2189 652 2230 arcam
685 2189 762 2230 suam
794 2173 928 2236 exhaurit,
962 2171 1090 2246 quamdiu
1122 2169 1214 2228 nullus

135 2270 262 2312 nummus
283 2256 311 2312 in
332 2256 417 2314 fundo
440 2273 519 2314 arcae
540 2257 667 2332 suspiret
771 2261 808 2316 50
833 2259 942 2333 decepta
964 2256 1163 2332 exspectatione
1185 2265 1213 2314 et

135 2356 184 2412 spe
205 2339 366 2396 accessionis
388 2358 456 2414 quae
477 2349 549 2406 erat,
581 2342 645 2397 dum
671 2343 787 2415 pecunia
814 2360 902 2417 usque
929 2342 964 2399 ad
991 2341 1113 2400 ultinmm
1142 2358 1212 2400 con-

133 2432 242 2498 sumpta
263 2441 402 2482 nummum
423 2441 479 2481 non
501 2424 651 2496 defecerat,
678 2425 797 2498 positum
818 2426 936 2492 inimo,
965 2425 993 2480 id
1015 2427 1104 2484 estin
1125 2425 1211 2484 fundo

136 2525 229 2576 arcae,
254 2508 352 2568 frustra
374 2510 427 2566 iam
448 2509 549 2582 gemitu
571 2517 599 2568 et
618 2510 737 2583 suspirio
758 2518 940 2584 prosequente
962 2510 1067 2583 parium
1088 2526 1210 2566 suorum.

135 2601 182 2650 ant
203 2603 277 2668 certe
297 2595 356 2668 ipse
377 2595 508 2670 suspiret,
533 2594 595 2668 quia
616 2594 681 2652 nihil
704 2594 824 2652 videtin
844 2596 898 2652 imo
920 2593 1006 2652 londo
1029 2611 1209 2660 nummorum,

135 2679 263 2754 tropicos,
287 2688 317 2737 ut
338 2679 375 2755 [c.
401 2679 430 2754 5]
449 2669 542 2738 ‘tacita
561 2679 655 2737 libabit
675 2666 778 2736 acerra'
801 2697 853 2754 pro
874 2681 932 2754 ipse
953 2679 1061 2737 tacitm.
1296 2675 1299 2682 '

221 2766 261 2824 52
296 2766 390 2824 incusa
426 2765 490 2823 dicit
521 2765 635 2830 caelata,
673 2765 746 2824 unde
776 2765 853 2823 incus
885 2764 995 2831 dicitur,
1029 2781 1045 2820 a
1076 2765 1210 2822 eudendo.

222 2853 260 2910 53
283 2850 344 2907 ideo
366 2851 441 2908 laevo
464 2851 529 2908 dixit
548 2861 675 2923 pectore,
705 2851 768 2924 quia
794 2851 822 2906 in
852 2859 930 2924 parte
955 2850 1064 2910 sinistra
1085 2851 1210 2924 ¹pecteris

41 2993 44 3000 ,
136 2950 183 2992 cor
205 2933 343 2994 babemus.
386 2944 419 2995 ut
438 2933 569 2993 luvenalis
591 2933 631 3010 [7,
651 2933 722 3008 158]
739 2925 832 3009 ‘culpa
853 2935 974 2994 docentis
996 2935 1097 2992 scilieet
1114 2937 1214 3010 argui..

135 3028 190 3084 tur,
216 3021 290 3094 quod
310 3019 383 3078 laeva
403 3021 433 3079 in
452 3029 530 3096 parte
550 3020 681 3077 mamillae
702 3019 740 3076 nil
761 3015 845 3077 salit'.
954 3023 994 3078 54
1016 3020 1107 3076 laetari
1127 3037 1209 3095 prae·

136 3104 280 3176 trepidum.
322 3115 436 3180 propter
457 3107 584 3164 sudorem
606 3122 673 3179 prae
694 3105 791 3178 gaudio
814 3114 906 3162 natum
932 3113 990 3161 toto
1013 3121 1128 3180 corpore
1149 3113 1210 3162 tre-

133 3187 248 3262 pidabis.
290 3191 332 3246 vel
360 3191 434 3265 quod
459 3192 493 3248 ad
524 3189 651 3248 laetitiam
683 3188 800 3248 festinet.
909 3193 947 3249 55
978 3198 1010 3246 ut
1036 3207 1102 3266 auro
1127 3198 1211 3266 putes

133 3273 244 3330 numina
266 3272 400 3338 delectari,
424 3277 497 3350 quod
519 3284 550 3332 tu
572 3275 673 3347 diligis,
704 3284 731 3332 et
751 3274 793 3331 his
814 3275 905 3334 vultus
927 3275 1094 3332 deaurandos
1116 3276 1208 3332 eristi-

133 3376 200 3418 mes.
267 3369 355 3426 orato,
378 3360 432 3417 sive
454 3360 527 3435 quod
545 3376 597 3416 ovo
613 3359 814 3433 perfunduntur
834 3369 947 3426 statuae,
972 3369 1004 3416 ut
1025 3360 1130 3416 brattea
1149 3376 1207 3415 me·

132 3444 185 3502 lius
206 3444 386 3512 inhaerescat,
411 3446 466 3504 sive
488 3446 561 3520 quod
582 3443 686 3502 brattea
709 3444 769 3502 telis
791 3453 832 3502 est
858 3445 942 3520 qualis
971 3444 1014 3500 ovi
1042 3443 1205 3510 membrana,

218 3629 251 3678 47
269 3626 380 3680 flammis
397 3628 429 3678 P:
446 3625 562 3678 llamrnas
581 3633 605 3677 α
680 3627 713 3678 48
732 3627 766 3676 lt
783 3632 808 3676 ot
876 3625 943 3677 festo
962 3631 986 3675 α
1053 3627 1086 3678 49
1105 3639 1162 3678 eser
1180 3631 1205 3676 α

219 3697 250 3747 51
270 3694 349 3748 tundo
367 3709 487 3747 nummus
504 3694 531 3746 in
548 3694 600 3745 imo
619 3698 668 3744 out
684 3693 840 3760 nequiquam
856 3692 874 3745 l.
893 3709 918 3746 ιι.
936 3693 963 3754 ip
980 3693 997 3745 i.
1016 3709 1051 3744 ee
1067 3695 1205 3758 suspiran-

132 3764 171 3814 tis
184 3778 300 3828 persona
319 3763 369 3814 alii
479 3764 511 3814 52
529 3766 654 3814 creterras
672 3768 696 3812 α
716 3766 837 3812 craterem
856 3761 956 3827 argenti
974 3761 1204 3826 sudabitpreetre-

131 3828 221 3900 pidum
239 3846 283 3883 cor
298 3829 366 3893 fecit
383 3832 539 3882 Priscim
552 3846 583 3895 p.
601 3829 652 3882 219
675 3831 723 3880 ubi
746 3832 879 3880 creterram
898 3830 965 3880 liber
981 3845 1052 3880 umas
1067 3833 1119 3880 aut
1133 3829 1203 3880 alter

218 3899 373 3966 incussoque
391 3899 583 3964 Pinenssaque
599 3914 618 3962 p
753 3899 786 3950 53
808 3896 877 3950 laeto
895 3899 919 3948 Ρ
931 3898 975 3950 nel
992 3898 1052 3950 leno
1069 3908 1164 3960 margo
1182 3897 1206 3946 Ρ

218 3969 252 4019 54
273 3966 450 4035 praetepidum
475 3973 499 4017 α
585 3968 618 4020 55
636 3965 706 4018 subit
725 3966 779 4016 ar

963 4047 1000 4100 2*
