2792 4444
302 758 363 820 Nec
386 759 468 820 fonte
489 758 570 819 labra
593 757 692 838 prolui
715 757 871 830 caballino,

305 843 413 904 necin
437 843 550 923 bicipiti
572 843 735 905 somniasse
758 843 888 904 Parnaso

304 927 436 1000 memini,
458 937 491 988 nt
512 937 636 1008 repente
659 927 701 988 sic
724 937 811 1007 poeta
834 927 1002 1008 prodirem;

306 1011 554 1091 Heliconidasqne
576 1013 772 1093 pallidamque
795 1013 923 1074 Pirenen

305 1097 362 1158 illis
383 1098 512 1172 remitto,
535 1116 662 1177 qnorum
685 1098 830 1177 imagines
851 1097 988 1159 lambunt
1215 1111 1230 1160 e

305 1181 431 1243 hederae
454 1201 610 1262 sequaces·
636 1183 698 1263 ipse
721 1185 929 1263 semipaganus

305 1267 341 1327 ad
364 1285 446 1328 sacra
469 1276 565 1328 vatum
590 1286 710 1330 carmen
733 1269 834 1329 adiero
858 1278 1002 1329 nostrum.

306 1351 373 1448 quis
395 1352 542 1432 expedivit
563 1354 687 1433 psittaco
710 1372 797 1415 snum
820 1354 926 1414 chaere

306 1436 447 1516 picasque
470 1438 570 1499 docuit
591 1437 680 1499 verba
705 1448 806 1500 nostra
829 1419 955 1500 conari?

237 1658 379 1732 prologus.
427 1663 440 1716 l
466 1659 606 1717 caballino.
638 1661 740 1722 ἵππου
767 1655 868 1742 κρήνη
898 1661 972 1735 quod
995 1660 1126 1716 Hesiodus
1158 1658 1231 1715 dicit.

155 1743 253 1800 dicitur
280 1743 351 1800 enim
378 1744 497 1818 Pegasus
525 1746 639 1803 errando
668 1746 701 1802 ad
724 1746 879 1804 Heliconem
900 1745 1054 1820 pervenisse
1077 1745 1167 1818 ibique
1187 1743 1232 1800 siti

154 1845 300 1902 oppressus
328 1829 429 1903 ungula
457 1829 566 1896 fodisse,
596 1849 627 1888 ex
650 1848 704 1906 quo
727 1831 789 1889 loco
812 1831 874 1888 lons
897 1831 984 1888 editus
1006 1830 1087 1887 llusis
1107 1831 1143 1886 sit
1164 1845 1233 1885 con-

153 1915 283 1971 secratus.
368 1913 499 1972 caballino
526 1925 614 1973 antem
642 1917 721 1990 dicit,
751 1934 806 1974 non
835 1917 950 1990 equino,
980 1932 1012 1973 eo
1036 1916 1109 1989 quod
1137 1916 1233 1971 satirae

153 1999 296 2056 humiliora
317 2000 485 2057 conveniant.
552 2003 570 2059 2
592 2002 741 2058 Parnasum
762 2002 927 2076 Delphorum
948 2010 1068 2057 montem
1091 1999 1162 2063 dicit,
1186 1998 1233 2072 qui

153 2083 235 2142 habet
262 2086 399 2142 cacumina
427 2086 497 2149 dno,
527 2087 624 2160 Nysam
651 2086 748 2142 bibero
776 2096 925 2151 sacratum,
956 2085 1074 2142 Cirrham
1103 2083 1230 2158 Apollini,

154 2170 226 2225 unde
248 2170 371 2225 lucanus
394 2169 434 2242 [5,
452 2168 503 2244 72]
519 2164 645 2227 ‘cardine
662 2171 795 2228 Parnasos
817 2173 923 2244 gemino
946 2171 1014 2245 petit
1031 2169 1136 2227 aethera
1151 2168 1230 2232 colle,

154 2269 232 2309 mons
253 2253 364 2310 Phoebo
387 2254 549 2350 Bromioque
569 2251 665 2313 sacer'.
697 2257 783 2331 tangit
803 2266 891 2313 antem
914 2256 1030 2312 Ennium
1051 2255 1097 2329 qui
1118 2253 1183 2311 dixit
1202 2270 1231 2310 se

154 2338 251 2395 vidisse
272 2356 321 2412 per
342 2339 478 2396 somnium
499 2341 528 2396 in
549 2341 667 2398 Parnaso
683 2342 827 2398 llomerum
849 2341 900 2396 sibi
921 2341 1062 2405 dicentem,
1085 2338 1197 2414 quod
1175 2355 1232 2395 erus

155 2423 240 2480 anima
262 2422 288 2478 in
312 2442 362 2481 suo
387 2433 458 2482 esset
479 2442 603 2500 corpore.
712 2431 731 2485 4
754 2427 850 2484 Pirene
870 2411 960 2483 lons'
953 2443 980 2482 m
1005 2425 1131 2482 Helicone
1152 2423 1231 2480 blusis

156 2517 338 2567 consecratus.
370 2509 493 2584 pallidam
526 2519 616 2568 antem
646 2513 707 2569 ideo
742 2512 815 2585 quod
844 2522 939 2585 poetae
961 2510 1077 2585 palleant
1098 2506 1233 2565 scribendi

154 2595 322 2652 lassitudine.
388 2599 405 2652 5
428 2594 559 2660 lambunt,
583 2596 659 2669 qnasi
680 2596 772 2669 lingua
788 2604 909 2670 tergunt.
975 2594 1108 2653 dhedera
1125 2608 1232 2667 semper

155 2679 246 2736 viridis
268 2688 310 2735 est
332 2688 359 2735 ct
380 2679 441 2735 ideo
463 2680 562 2736 hedera
584 2681 786 2738 coronabantur
808 2689 912 2756 poetae,
936 2681 997 2755 quia
1020 2696 1118 2736 nomeu
1136 2686 1232 2752 poetae

156 2779 262 2836 semper
289 2770 388 2818 manet.
454 2780 597 2838 sequaces,
628 2767 701 2839 quod
730 2766 788 2823 sinc
815 2766 868 2823 fine
896 2773 1045 2841 sequantur
1073 2774 1100 2822 et
1127 2773 1232 2837 repant.

242 2847 426 2921 semipaganns
447 2849 603 2922 semipasta.
626 2859 653 2906 et
674 2850 727 2908 hoc
740 2850 823 2908 verbo
837 2851 929 2908 humili
950 2851 1057 2908 satirico
1071 2849 1152 2905 modo
1168 2864 1233 2904 usus

159 2941 210 2990 eat.
254 2933 350 3007 pagani
371 2932 498 2990 dicuntur
520 2935 622 3002 rustici,
647 2936 770 3010 quinon
792 2945 926 2993 noverunt
947 2935 1052 2992 urbem.
1140 2935 1158 2991 8
1181 2933 1233 2988 hoc

157 3018 229 3083 dicit,
253 3018 328 3092 quod
351 3035 405 3075 non
428 3035 521 3076 omnes
543 3030 638 3077 natura
660 3039 709 3078 sua
730 3022 784 3078 sint
806 3032 910 3095 poetae,
934 3020 981 3078 sed
1002 3018 1104 3075 ventris
1126 3026 1154 3074 ct
1168 3033 1232 3091 ege-

157 3103 234 3158 statis
256 3103 414 3160 necessitate
436 3113 577 3179 cogantur,
601 3114 629 3162 et
650 3107 702 3163 hoc
724 3107 758 3164 de
778 3106 872 3163 avibus
894 3107 1001 3181 probat.
1023 3121 1084 3160 nam
1100 3103 1234 3176 hodieque

156 3186 277 3243 videmus
298 3186 426 3261 psittacos
448 3189 596 3246 esurientes
618 3191 744 3249 vocaliter
766 3201 887 3266 strepere
909 3200 937 3248 et
953 3201 1046 3270 χαῖρε
1067 3189 1164 3245 dicere.

245 3289 324 3330 suum
351 3279 440 3330 antem
461 3276 536 3347 quasi
558 3276 689 3333 naturale.
777 3280 794 3336 9
818 3277 920 3334 conari.
943 3285 971 3333 et
993 3274 1104 3331 blandiri
1125 3272 1233 3346 legitur.

248 3485 443 3540 Choliamboa'
431 3502 461 3537 ιιι
477 3487 532 3551 fine
550 3497 574 3540 α
592 3495 654 3540 aab
670 3489 681 3541 l
698 3495 820 3542 acturum
837 3491 862 3540 P
875 3492 954 3542 babet
1040 3492 1055 3542 3
1074 3486 1178 3540 Memini
1195 3499 1235 3536 me

161 3555 257 3606 utaP
334 3553 471 3620 prodierim
490 3557 514 3606 Ρ
590 3557 805 3610 4Αε1ἰοοιιίιᾱιε
822 3562 918 3611 omnio
937 3572 987 3625 qne
1006 3564 1029 3608 α
1047 3554 1234 3619 Eliconiadasq.

160 3623 184 3672 P
249 3636 363 3688 pyrenen
382 3624 440 3672 P'
420 3638 520 3676 eirenen
539 3632 563 3675 α
675 3625 824 3679 cambiunt
843 3627 901 3678 αὶ.
919 3625 1034 3678 ambiunt
1051 3625 1093 3676 uel
1113 3625 1236 3675 coronant

158 3704 241 3755 cuper
257 3689 374 3742 lambunt
390 3696 550 3758 scriptum
539 3709 569 3742 m
585 3694 610 3743 P
687 3697 769 3762 8exp
772 3695 833 3746 ediit
852 3702 875 3746 α
953 3691 1112 3760 psitachoP
1179 3703 1236 3742 cere

160 3758 252 3823 supine
270 3757 375 3821 (latinio
393 3761 539 3825 interprete
561 3779 609 3830 χαι
631 3780 645 3817 ε
669 3780 703 3818 συ
725 3766 799 3828 πῖνε)
790 3766 846 3828 )α
870 3762 931 3814 kere
948 3763 972 3812 P
991 3764 1048 3827 (qui
1070 3760 1236 3824 adscriptum

161 3827 241 3876 liabet
257 3825 393 3877 Martialis
416 3827 549 3878 melichon
571 3769 695 3895 lei73t
803 3829 963 3897 9Picasque
980 3830 1036 3880 uP:
1055 3825 1194 3894 Pioamque
1212 3830 1236 3874 α

247 3892 324 3944 uerba
342 3897 428 3944 nostra
446 3897 478 3945 P.
498 3901 584 3948 nostra
601 3899 679 3949 uerba
699 3905 723 3949 α
