2804 4442
518 142 637 195 515551
674 142 807 195 salvas
824 142 858 194 lV
1186 143 1224 201 97

153 317 263 378 desidia
286 315 387 376 tardos
410 324 440 375 et
461 315 551 393 longo
574 315 684 393 frigore
706 315 842 394 pingues.

153 402 280 464 destinat
300 401 359 461 hoc
381 409 549 462 monstrum
571 398 695 460 cumbae
717 399 831 478 linique
853 401 991 479 magister
1198 413 1227 461 45

152 487 286 566 pontifici
308 504 433 547 summo.
479 485 544 563 quis
566 484 646 545 enim
669 503 839 564 proponere
862 487 949 547 talem

153 583 203 632 aut
226 589 324 632 emere
347 571 479 643 auderet,
502 588 570 631 cum
593 569 681 650 plena
704 579 734 630 et
753 570 840 631 litora
862 572 955 633 multo

154 657 285 717 delatore
309 653 430 717 forent?
453 655 578 734 dispersi
602 655 740 734 protinus
761 655 843 734 algae

153 741 344 820 inquisitores
366 749 490 820 agerent
511 758 579 801 cnm
601 741 714 818 remige
737 740 817 801 nudo

154 845 215 887 non
239 825 399 886 dubitaturi
420 826 574 905 fugitivum
598 824 696 886 dicere
719 825 830 904 piscem

154 913 368 990 depastumque
390 911 440 972 diu
462 911 568 970 vivaria
591 910 731 983 Caesaris,
756 911 827 971 inde

154 997 287 1076 elapsum
310 1006 440 1056 veterem
462 994 498 1055 ad
520 996 674 1056 dominum
695 994 805 1056 debere
827 995 944 1056 reverti.

155 1081 179 1142 si
202 1081 273 1160 qnid
295 1080 434 1152 Palfurio,
456 1081 482 1142 si
504 1080 653 1142 credimus
675 1080 837 1155 Armillato,

156 1166 299 1245 quidquid
322 1166 516 1244 conspicuum
540 1166 759 1245 pulchrumque
782 1175 827 1226 est
848 1183 979 1243 aequore
1000 1172 1075 1239 toto,

156 1269 204 1312 res
226 1252 289 1312 fisci
312 1261 367 1325 est,
389 1250 572 1330 ubicumque
595 1259 685 1311 natat.
729 1250 889 1311 donabitur
910 1268 994 1329 ergo,
1199 1257 1229 1307 55

154 1355 194 1397 55
215 1346 327 1415 pereat.
371 1336 430 1396 iam
452 1337 568 1397 letifero
591 1337 716 1396 cedente
737 1335 855 1414 pruinis

155 1430 308 1496 autumno,
331 1421 389 1481 iam
411 1430 584 1499 quartanam
608 1421 798 1499 sperantibus
820 1419 916 1497 aegris

154 1505 296 1568 stridebat
318 1505 458 1568 deformis
480 1507 574 1567 hiems
596 1505 798 1585 praedamque
820 1512 973 1566 recentem

155 1592 298 1652 servabat.
343 1600 441 1652 tamen
464 1592 513 1652 hic
536 1601 686 1670 properat,
709 1591 788 1652 velut
809 1598 935 1669 urgueat
957 1596 1065 1650 auster.

157 1686 249 1754 utque
271 1677 354 1736 lacus
375 1675 527 1747 suberant,
550 1676 602 1736 ubi
624 1693 803 1754 quamquam
826 1675 922 1736 diruta
944 1682 1041 1736 servat
1133 1749 1137 1758 1
1199 1681 1229 1730 uu

156 1760 255 1838 ignem
279 1760 440 1820 Troianum
465 1770 494 1820 et
516 1760 632 1820 Vestam
656 1760 726 1821 colit
747 1761 821 1820 Alba
844 1761 1001 1832 minorem,

156 1844 271 1906 obstitit
293 1844 416 1905 intranti
439 1844 571 1904 miratrix
593 1843 680 1905 turba
702 1862 873 1924 parumper.

242 2052 282 2109 46
307 2067 338 2107 ex
358 2049 442 2107 ironia
465 2067 581 2107 summe.
668 2054 706 2109 47
732 2059 759 2108 et
780 2066 830 2125 per
849 2048 942 2106 littora
963 2056 991 2104 et
1004 2065 1054 2122 per
1068 2063 1148 2104 omne
1162 2062 1234 2103 mare

157 2135 289 2193 delatores
310 2134 436 2202 luerunt,
460 2152 516 2192 non
537 2136 628 2192 solum
649 2153 698 2209 per
719 2136 806 2193 loros.
894 2137 933 2193 50
956 2133 1009 2190 hoc
1031 2133 1164 2195 dicerent.
1188 2132 1234 2187 in·

156 2221 222 2295 quit,
247 2220 451 2278 calumniatores
472 2221 514 2278 vel
537 2221 685 2279 delatores:
707 2222 751 2278 hic
772 2220 832 2278 talis
854 2219 933 2295 piscis
955 2219 988 2276 de
1002 2217 1100 2275 vivario
1117 2216 1234 2275 Caesaris

157 2304 263 2379 elapsus
286 2313 342 2369 est,
366 2315 394 2362 et
415 2306 478 2378 quia
500 2305 536 2361 ibi
557 2315 649 2379 pastus
672 2314 728 2369 est,
752 2307 846 2363 eodem
868 2304 948 2361 dehet
969 2305 1076 2362 reverti.
1194 2305 1232 2360 53

156 2389 291 2446 Pallurius
313 2389 390 2452 Sura,
414 2388 562 2447 consularis
584 2389 664 2456 lilius,
691 2390 742 2446 sub
764 2390 872 2447 Nerone
893 2389 1010 2445 luctatus
1032 2399 1074 2444 est
1095 2404 1156 2444 eum
1179 2387 1235 2442 vir-

157 2475 218 2550 gine
239 2475 447 2532 Lacedaemonia
469 2475 497 2530 in
518 2491 615 2549 agone.
637 2484 701 2550 post
722 2475 785 2532 inde
807 2491 823 2530 a
844 2472 1006 2546 Vespasiano
1028 2481 1124 2530 senatu
1145 2479 1234 2528 motus

156 2560 280 2618 transivit
306 2561 338 2617 ad
361 2560 471 2617 stoicam
494 2569 609 2633 sectam,
639 2561 665 2617 in
689 2577 742 2634 que
764 2576 826 2617 cum
847 2558 1014 2634 praevaleret
1035 2567 1062 2615 et
1083 2555 1236 2630 eloquentia

157 2657 184 2704 et
213 2646 277 2702 artis
309 2646 429 2719 poeticae
456 2645 555 2719 gloria,
584 2645 685 2703 abusus
706 2645 883 2702 familiaritate
905 2643 1046 2701 Domitiani
1067 2641 1237 2700 acerbissime

156 2740 247 2806 partes
270 2730 409 2787 delationis
432 2732 560 2788 exercuit.
582 2748 637 2806 quo
666 2731 810 2789 interiecto
835 2739 931 2788 senatu
956 2738 1098 2798 accusante
1124 2728 1236 2785 damna-

156 2825 210 2880 tus,
230 2833 291 2872 cum
303 2816 398 2873 luisset
409 2808 479 2873 inter
496 2817 628 2874 delatores
715 2826 840 2891 potentes
856 2817 926 2890 apud
939 2815 1117 2873 Domitianum
1128 2813 1163 2878 hi,
1182 2816 1235 2869 hr-

157 2901 284 2964 millatus,
307 2901 499 2958 Demosthenes
522 2912 549 2958 et
571 2903 680 2960 Latinus
702 2902 881 2965 archimimus,
904 2900 974 2957 sieut
997 2901 1093 2957 ilarius
1108 2899 1236 2955 Maximus

158 2985 260 3042 scribit.
361 2989 399 3044 56
423 3003 457 3043 55
479 2996 580 3060 pereat.
604 2987 677 3060 quod
700 2985 808 3042 distrahi
832 3001 887 3041 non
910 2993 1009 3058 potest.
1101 2983 1238 3057 corrumpi

158 3067 192 3124 ab
215 3079 290 3125 aestu
312 3085 367 3124 non
386 3078 511 3168 poterat,
541 3071 603 3145 quia
625 3080 755 3128 autumno
779 3070 931 3126 discedente
952 3069 1038 3126 hiems
1060 3069 1140 3126 venit.
1165 3069 1237 3142 Virg.

159 3153 197 3227 [q.
221 3157 255 3217 4,
292 3151 361 3226 135]
400 3164 428 3210 et
455 3171 516 3210 cum
545 3155 628 3212 tristis
650 3142 755 3211 hiems’.
864 3158 901 3213 57
926 3171 976 3228 per
996 3164 1155 3212 autumnum
1177 3170 1238 3211 nam

158 3238 272 3312 vigilant
300 3237 397 3293 morbi.
506 3241 545 3297 60
575 3240 602 3296 id
629 3250 671 3297 est
699 3257 760 3297 cum
789 3257 875 3315 prope
902 3239 977 3297 lacus
1000 3240 1165 3297 hlbanenses
1185 3241 1237 3296 iam

160 3324 277 3380 venisset
302 3323 430 3398 piscator.
561 3326 598 3382 61
624 3325 736 3381 11555551
764 3343 824 3383 cum
846 3325 925 3383 l'ullo
949 3325 1062 3383 llostiho
1090 3342 1156 3398 rege
1177 3340 1238 3381 cum

161 3409 305 3466 diruissent
320 3407 423 3480 Albam,
446 3425 520 3465 saera
542 3409 647 3468 sublata
668 3411 778 3468 llontam
801 3410 998 3467 transtulerunt
1018 3421 1045 3468 et
1067 3411 1132 3467 deos
1152 3426 1239 3485 pena-

160 3502 210 3549 tes.
234 3511 351 3568 quorum
373 3493 510 3568 penetrale
533 3503 586 3552 tam
608 3496 760 3554 venerabile
782 3496 978 3571 deprehensum
993 3504 1043 3560 est,
1067 3506 1098 3552 ut
1113 3495 1238 3571 lapidatio

161 3577 194 3633 de
216 3580 289 3637 eaelo
312 3580 421 3637 caderet
441 3597 522 3653 supra
544 3582 684 3638 memorati
704 3581 842 3655 ponderis.
865 3590 976 3655 propter
996 3582 1070 3655 quod
1085 3581 1238 3655 prodigium

248 3761 281 3810 45
300 3757 405 3812 Desinat
422 3764 450 3826 P,
468 3761 491 3813 si
507 3764 538 3812 in
557 3761 651 3827 lituro,
667 3765 878 3828 superscriptum
896 3763 1048 3816 transmittit
1117 3766 1149 3816 47
1162 3763 1238 3814 litore

162 3827 231 3890 Ppr.
301 3829 332 3878 51
352 3826 583 3895 Despastunrl’pr.
659 3832 691 3883 53
709 3831 842 3896 pellariosi
855 3833 886 3882 P:
904 3849 918 3884 r
934 3849 969 3884 ex
986 3833 996 3883 l
1013 3830 1080 3894 fecit
1097 3836 1124 3882 ot
1140 3831 1163 3882 si
1181 3846 1240 3881 erc-

160 3897 231 3960 sitp
302 3896 333 3946 59
352 3895 484 3950 uelutw:
503 3898 587 3949 uelP

227 3993 269 4038 Ea.
284 3993 318 4036 111
1018 3987 1033 4036 ’1
