2564 4350
104 187 143 246 16
589 191 693 246 PERSll

102 362 161 423 hile
183 373 291 439 tumet;
315 365 434 425 Nerio
427 383 483 425 ram
507 366 594 427 tertia
617 365 755 426 conditur
777 359 878 426 uxor'.

102 447 174 508 baec
198 457 300 509 sancte
322 458 356 510 ut
378 469 491 529 poscas,
514 451 686 512 Tiberino'
678 470 708 511 ru
732 451 848 530 gurgite
871 452 980 530 mergis
1150 464 1180 514 ta

34 527 70 614 p
101 552 188 594 mane
211 544 300 613 caput
321 534 366 595 bis
387 544 491 614 terque
514 546 544 596 et
567 544 682 628 noctem
706 537 828 597 flumine
850 554 968 615 purgas.

4 620 42 744 2

101 619 261 696 homage,
283 622 494 699 responde-
516 606 670 682 minimum
694 621 837 699 estquod
864 622 940 682 scire
963 621 1066 682 laboro
1088 659 1132 683 .-

101 703 137 764 de
159 703 226 764 love
248 706 319 783 quid
341 704 458 766 sentis?
481 715 564 767 estne
586 715 619 768 ut
640 724 825 786 praeponere
848 725 933 767 cures

99 789 181 851 huuc
203 824 245 835 -
267 788 407 851 cuinam?
429 790 569 852 cuinam?
590 793 634 853 vis
657 791 756 852 Staio?
778 811 815 853 an
838 792 950 853 scilicet
972 791 1098 854 haeres?

101 875 167 953 quis
190 876 289 954 potior
310 876 406 947 iudex,
429 877 564 954 puerisve
587 878 653 956 quis
675 879 772 957 aptior
794 875 898 938 orbis?
1145 889 1184 940 κε

99 959 158 1020 hoo
179 960 279 1038 igitur,
302 979 361 1038 quo
384 969 416 1020 tu
440 960 514 1021 lovis
537 981 636 1023 aurem
662 963 814 1063 impellere
834 970 968 1041 temptas,

100 1045 146 1106 dic
169 1045 292 1146 agedum
317 1038 441 1105 Staioz‘
447 1064 500 1124 pro
523 1046 664 1126 luppiter
688 1040 814 1108 obono’
840 1048 946 1109 clamet

95 1122 263 1209 ‘luppiterfl
300 1139 329 1190 at
350 1149 415 1190 sese
439 1150 499 1191 non
522 1131 627 1194 clamet
647 1133 781 1212 luppiter
802 1130 887 1212 ipse?

97 1213 244 1293 ignovisse
267 1224 363 1293 putas,
386 1216 453 1293 quia
477 1234 544 1276 cum
567 1227 659 1290 tonet,
683 1219 765 1278 ocius
788 1217 846 1278 ilex

98 1298 219 1378 sulpure
241 1299 396 1361 discutitur
417 1319 501 1361 sacro
524 1321 610 1380 quam
634 1312 725 1381 tuque
747 1299 932 1381 domusque?
1142 1313 1172 1363 25

28 1438 31 1448 .
99 1401 136 1443 an
159 1385 227 1463 quia
250 1404 310 1445 nou
336 1385 417 1446 tibris
437 1387 534 1447 ovium
557 1387 756 1467 Ergennaque
778 1388 899 1449 iubente

99 1521 147 1579 diis
177 1539 226 1594 pro
255 1523 356 1580 meritis
387 1523 521 1599 accipiunt
548 1525 691 1591 heredem,
726 1536 753 1582 et
780 1525 866 1600 primo
894 1537 1002 1582 mortuo
1036 1525 1172 1582 secundus
1241 1559 1243 1565 π

97 1607 226 1664 succedit.
330 1612 366 1667 14
390 1626 486 1666 nomen
510 1610 602 1666 lictum
625 1620 673 1670 est.
716 1610 812 1668 Nerius
834 1611 942 1684 quidam
963 1619 1050 1667 morte
1072 1611 1171 1667 coniu-

96 1709 160 1766 gum
181 1691 361 1765 locupletatus
383 1693 534 1751 faenerator
556 1694 642 1752 iactus
664 1705 705 1752 est
725 1695 889 1761 notissimus,
912 1697 944 1752 de
966 1712 1021 1769 quo
1044 1695 1170 1752 Horatius

96 1777 133 1834 ait
155 1775 220 1850 [sot.
244 1778 272 1840 2,
298 1779 325 1840 3,
350 1777 402 1852 69]
418 1773 522 1838 ‘scribe
545 1782 635 1837 decem
658 1775 765 1838 lierio’.
809 1780 863 1846 ille,
887 1781 989 1855 inquit.
1014 1779 1170 1837 nobilitatus

96 1863 224 1935 coniuges
246 1863 415 1928 tumulando,
437 1882 494 1921 mea
517 1883 586 1922 uxor
607 1883 657 1923 nec
678 1877 817 1940 aegrotare
839 1867 948 1941 patitur.
992 1867 1041 1922 dos
1062 1865 1133 1921 enim
1155 1884 1171 1922 a

96 1946 152 2004 cive
173 1947 292 2004 Romano
315 1949 389 2015 data,
420 1967 476 2006 non
499 1969 530 2007 ex
551 1953 639 2025 patrio
662 1951 731 2008 dicta
752 1953 874 2015 nomine,
904 1952 926 2006 si
948 1950 1089 2025 repudium
1113 1967 1171 2006 non

94 2032 276 2098 intervenerit,
299 2044 497 2109 postmortem
519 2038 609 2092 uxoris
631 2037 664 2092 ad
685 2035 808 2092 maritum
824 2035 950 2108 pertinet.
1040 2039 1075 2091 15
1100 2042 1171 2090 tem-

94 2135 238 2192 pureque
261 2119 327 2176 haec
349 2120 469 2191 postulas
492 2129 530 2181 tu,
554 2120 674 2192 quisquis
697 2137 724 2174 es
746 2136 849 2178 avarus.
872 2126 951 2192 putas
973 2127 1001 2174 te
1022 2126 1093 2173 caste
1115 2135 1169 2190 pe-

96 2211 169 2266 tere,
193 2204 214 2258 si
236 2203 307 2260 lotus
322 2204 440 2276 petieris.
463 2202 534 2259 lotus
557 2213 698 2277 propterea
721 2203 795 2277 quod
816 2213 950 2260 nocturno
972 2202 1045 2260 coitu
1066 2201 1102 2256 sis
1124 2202 1171 2257 in·-

95 2287 230 2361 qninatus.
343 2291 379 2346 19
402 2304 499 2344 nomeu
529 2288 635 2353 lictum,
669 2289 805 2363 quomodo
833 2306 916 2363 supra
942 2287 1031 2345 Nerio.
1076 2285 1169 2345 Aelius

95 2371 183 2429 Staius
211 2372 238 2428 in
261 2372 371 2430 Iuniano
398 2373 495 2431 iudicio
522 2383 550 2431 et
578 2376 714 2431 consortio
742 2375 824 2440 sedit,
855 2375 900 2448 qui
921 2375 1062 2449 pecuniam
1084 2389 1099 2427 a
1120 2390 1168 2430 reo

94 2467 122 2514 et
149 2468 304 2515 accusatore
331 2459 432 2532 accepit
462 2460 621 2534 decepitque
641 2470 798 2536 utrumque.
842 2470 900 2516 erat
925 2477 991 2531 ergo
1021 2460 1090 2514 inter
1113 2475 1169 2512 no-

96 2543 212 2601 tissimos
235 2545 314 2600 cives.
359 2546 446 2602 Staius
468 2555 557 2602 autem
580 2555 690 2619 praetor
705 2544 847 2601 tutelarios
863 2543 922 2607 luit,
946 2545 1026 2598 Gutta
1040 2552 1068 2598 et
1083 2541 1169 2599 Albus

96 2639 123 2685 et
145 2629 227 2686 ceteri
249 2630 393 2703 praepositi
415 2630 524 2685 luerunt
545 2630 653 2690 iudices,
677 2629 723 2701 qui
746 2631 771 2683 in
795 2629 904 2683 luciano
927 2626 1025 2683 iudicio
1046 2629 1171 2699 corrupti

94 2713 269 2787 Oppianicum
297 2713 496 2769 damnaverunt.
605 2712 644 2769 23
678 2711 833 2768 reseruntur
858 2710 924 2769 haec
949 2711 981 2766 ad
1010 2720 1071 2767 vota
1099 2728 1169 2784 quae

93 2797 126 2853 ad
148 2796 230 2853 funus
251 2798 339 2871 patrui
362 2808 389 2854 et
412 2796 505 2871 pupilli
527 2798 674 2871 pertinent.
738 2806 765 2853 at
793 2813 868 2852 sese:
899 2796 982 2852 tacete
1011 2796 1072 2851 erit.
1102 2812 1169 2851 sen-

93 2899 140 2939 sus
162 2890 251 2939 autem
274 2891 329 2938 est:
353 2883 407 2938 lori
429 2898 485 2938 non
510 2882 627 2938 videatur
648 2881 831 2955 importunum
852 2882 926 2954 quod
946 2880 1019 2937 Staio
1040 2877 1168 2936 videtur?

180 2969 219 3025 25
250 2966 353 3024 sulfure
381 2985 432 3041 pro
465 2967 586 3024 fulmine.
653 2967 715 3039 quia
747 2966 811 3022 dum
841 2965 944 3022 fulmen
977 2964 1080 3027 cecidit,
1109 2963 1169 3020 loca

92 3053 177 3109 vicina
206 3053 290 3109 odore
318 3052 428 3108 sulfuris
455 3052 611 3126 implentur.
655 3052 728 3108 unde
757 3069 862 3109 sacrum
891 3051 963 3107 nint.
1072 3050 1111 3107 26
1140 3050 1169 3105 in

92 3155 144 3194 usu
166 3137 225 3202 luit,
249 3148 279 3194 ut
299 3155 414 3212 augures
436 3137 477 3194 vel
499 3139 635 3212 aruspices
656 3136 764 3194 adducti
786 3138 819 3195 de
833 3136 936 3192 Etruria
959 3135 1038 3193 certis
1060 3143 1168 3208 tempo-

92 3221 168 3281 ribus
197 3221 306 3279 lulmiua
334 3222 521 3297 transfigurata
554 3223 581 3278 in
609 3222 709 3296 lapides
737 3223 807 3279 infra
834 3231 932 3278 terram
960 3220 1168 3286 absconderent,

95 3309 172 3366 cuius
194 3307 220 3364 in
243 3307 381 3382 paratione
402 3309 442 3365 rei
465 3325 527 3365 oves
549 3307 765 3365 immolabantur.
808 3308 862 3363 hoc
883 3324 947 3381 ergo
964 3306 1040 3363 dicit:
1063 3316 1091 3363 et
1105 3305 1167 3380 quia

92 3395 208 3451 necdum
228 3401 256 3451 te
277 3393 387 3450 fulmine
409 3393 561 3467 perculsum
583 3393 704 3467 sepelivit
725 3394 809 3450 caesis
831 3393 924 3450 hostiis
946 3392 1084 3466 Ergenoa,
1107 3389 1168 3447 ideo

92 3479 196 3535 derides
219 3476 331 3536 lovem?
353 3479 492 3552 Ergennae
514 3496 613 3535 nomeu
635 3478 765 3552 aruspicis
789 3479 880 3535 fictum
901 3477 1050 3535 secundum
1064 3491 1168 3532 morem

91 3563 275 3619 Etruscorum.

181 3679 213 3728 14
231 3675 333 3727 ducitur
372 3680 463 3728 etnim
481 3678 561 3742 Verg.
582 3692 677 3742 georg
696 3676 802 3728 1V256
874 3680 905 3728 15
923 3679 1049 3741 peccata
1102 3688 1167 3724 mer-

93 3738 188 3809 gitdt
312 3749 411 3795 octeot
481 3752 615 3811 purgator
695 3746 726 3796 18
745 3749 784 3795 est
803 3748 873 3795 uta
961 3746 991 3795 19
1009 3756 1110 3793 cumam
1129 3743 1170 3792 bu

91 3813 239 3877 morgoP:
262 3815 343 3864 semol
360 3815 577 3883 dtPcuiquamt
586 3813 685 3864 cuinam
712 3815 732 3873 ς
818 3812 868 3862 iaio
891 3813 915 3861 P
998 3800 1038 3862 2Ῑ
1054 3806 1166 3876 quoda

92 3949 116 3996 Ρ
179 3882 211 3932 22
236 3881 288 3932 taio
310 3883 334 3931 P
353 3882 457 3947 staiop
526 3878 559 3933 23
574 3879 610 3932 ad
620 3882 683 3931 ctP
750 3880 814 3931 26
801 3881 904 3931 ouium
922 3880 946 3928 P
1023 3892 1168 3944 organaque

116 3964 159 4004 rr.
228 3949 374 4003 iuuenteP
