2792 4444
553 211 647 263 LIBER
664 213 675 265 l
710 211 870 266 SATVRAI

171 383 311 444 causidici
335 401 410 444 nova
433 400 500 442 cum
522 383 621 443 veniat
643 383 745 445 lectica
769 384 916 446 Mathonis

169 469 258 547 plena
281 469 356 549 ipso,
379 469 550 547 posthunc
573 469 673 546 magui
695 469 808 531 delator
830 470 915 531 amici

172 563 200 614 et
223 554 282 615 cito
305 562 445 632 rapturus
468 554 504 614 de
527 553 680 614 nobilitate
703 573 820 616 comesa

171 639 251 717 quod
274 646 421 718 superest,
444 657 532 717 quem
555 639 650 700 Massa
672 639 763 714 timet,
788 658 876 718 quem
898 659 1024 703 munere
1046 642 1146 721 palpat
1214 651 1242 704 35
1300 699 1341 747 nh

171 724 263 786 Carus
286 734 315 785 et
338 743 354 784 a
376 723 493 803 trepido
517 724 657 803 Thymele
680 724 833 786 summissa
855 725 983 786 Latino?
1153 751 1186 788 sc„
1200 733 1211 780 l
1234 740 1313 773 w*
1344 743 1348 790 ζ

171 828 239 870 cum
262 817 290 870 te
312 819 517 871 summoveant
540 809 590 887 qui
612 806 789 871 testamd'nta
810 819 966 871 merentur

172 894 321 970 noctibus,
343 896 374 955 in
397 895 513 955 caelum
536 912 611 972 quos
634 895 730 955 evehit
753 895 863 974 optima
886 897 993 956 summi
1189 927 1272 1000 Μ,

171 999 254 1040 nunc
276 981 321 1040 via
342 997 516 1060 processus,
532 979 646 1040 vetulae
668 980 763 1042 vesica
786 979 912 1041 heatae?
1150 967 1183 1014 d·

170 1064 320 1126 unciolam
343 1064 516 1126 Proculeius
537 1063 635 1139 habet,
659 1045 726 1126 sed
734 1064 809 1126 Gillo
833 1065 989 1139 deuncem,
1216 1076 1245 1128 40

171 1159 270 1230 partes
292 1151 418 1229 quisque
441 1168 508 1210 suas
530 1149 567 1210 ad
589 1167 760 1211 mensuram
782 1151 913 1228 inguinis
936 1151 1032 1212 heres.

171 1236 296 1315 accipiat
318 1253 389 1296 sane
412 1235 579 1296 mercedem
602 1236 757 1316 sauguinis
779 1244 809 1296 et
831 1236 874 1296 sic

171 1322 287 1401 palleat,
311 1331 344 1380 ut
366 1320 453 1381 nudis
475 1320 583 1398 pressit
606 1321 656 1398 qui
679 1320 810 1382 calcibus
832 1339 969 1399 anguem,

171 1417 222 1466 aut
244 1404 496 1484 Lugudunensem
519 1405 622 1466 rhetor
644 1404 778 1466 dicturus
799 1405 835 1465 ad
858 1423 948 1465 aram.

172 1491 243 1570 quid
265 1491 392 1552 referam
415 1499 525 1569 quanta
548 1491 659 1552 siccum
682 1490 764 1551 iecur
786 1489 960 1563 ardeatina,
1217 1499 1246 1549 45

172 1595 239 1637 cum
262 1577 406 1656 populum
429 1576 570 1655 gregibus
593 1576 734 1637 comitum
756 1574 865 1654 premit
886 1574 934 1635 hio
957 1574 1100 1653 spoliator

170 1662 275 1741 pupilli
297 1661 461 1740 prostantis
483 1671 512 1722 et
534 1661 582 1721 hic
605 1661 760 1722 damnatus
783 1660 866 1722 inani
1090 1659 1238 1762 gwalae

171 1745 303 1807 iudicio?
326 1746 395 1825 quid
420 1746 500 1805 enim
524 1746 610 1806 saluis
632 1746 752 1807 iufamia
773 1743 925 1806 nummis?

172 1832 240 1891 exul
262 1831 297 1891 ab
321 1838 422 1890 octava
444 1830 554 1890 Marius
576 1829 651 1890 bibit
673 1839 702 1890 et
723 1831 833 1890 fruitur
855 1831 900 1892 dis

171 1915 260 1988 iratis,
285 1923 314 1975 at
336 1923 370 1975 tu
391 1915 495 1974 victrix
517 1914 668 1993 provincia
691 1914 801 1993 ploras.
1218 1924 1247 1974 50

258 2071 297 2129 33
320 2069 495 2127 Heliodorum
517 2068 650 2144 significat
671 2067 817 2126 delatorem
839 2068 880 2125 vel
902 2077 1008 2125 ceteros
1031 2067 1172 2125 delatores.
1209 2069 1247 2124 sic

171 2155 209 2212 illi
229 2164 334 2230 partem
356 2156 494 2212 maximam
516 2155 745 2230 proscripserunt,
769 2172 801 2210 ex
815 2171 932 2228 quorum
947 2153 1026 2210 bonis
1041 2153 1126 2210 multa
1141 2153 1248 2228 diripu-

171 2251 260 2299 erunt.
379 2241 553 2298 Heliodorum
577 2241 639 2297 dicit
659 2240 776 2297 stoicum
796 2239 997 2315 philosophum,
1021 2239 1067 2313 qui
1089 2240 1119 2295 h.
1142 2239 1248 2296 lunium

171 2326 291 2382 Silanum
314 2325 475 2397 discipulum
496 2341 576 2381 suum
598 2341 659 2380 cum
681 2333 840 2397 argueretur
869 2325 1075 2388 coniurationis,
1104 2324 1248 2381 infitiatum

172 2409 345 2466 domesticam
368 2408 529 2466 delationem
550 2409 628 2465 etiam
651 2408 802 2464 testimonio
825 2409 969 2483 oppressit.
991 2407 1034 2464 alii
1055 2409 1249 2484 philosophum

172 2495 275 2552 Traiani
298 2493 399 2558 dicunt,
423 2495 469 2567 qui
490 2494 599 2549 Baream
621 2502 772 2548 senatorem
795 2491 891 2549 detulit
913 2502 939 2548 et
961 2492 1102 2548 damnavit.
1125 2494 1249 2551 nonnulli

171 2581 333 2637 Demetrium
356 2579 518 2636 causidicum
541 2578 643 2642 dicunt,
668 2579 714 2651 qui
735 2576 837 2634 multos
859 2576 960 2634 Neroni
982 2575 1087 2633 detulit,

171 2664 305 2722 Soranum
327 2667 435 2721 Baream
458 2664 533 2720 Celer
555 2663 733 2737 philosophus
755 2663 881 2736 magister
908 2662 992 2736 ipsius
1021 2661 1093 2735 apud
1114 2662 1248 2719 Neronem

171 2750 272 2808 scelere
293 2750 433 2807 delationis
455 2750 563 2820 occidit,
586 2749 691 2823 etipse
712 2758 806 2822 postea
827 2748 877 2805 sub
902 2746 1065 2821 Vespasiano
1088 2747 1140 2804 hoo
1161 2748 1249 2822 ipsum

172 2835 295 2892 llusouio
317 2835 387 2892 Huic
411 2844 555 2892 accusante
577 2835 717 2891 darnnatus
739 2842 789 2890 est.
889 2836 927 2892 35
951 2833 1036 2889 llassa
1058 2834 1144 2890 morio
1165 2833 1249 2890 fuisse

173 2921 284 2986 dicitur,
315 2929 342 2976 et
371 2921 453 2977 Carus
476 2937 576 2984 nauus,
607 2920 718 2976 Latinus
744 2935 809 2976 vero
838 2926 914 2974 actor
941 2918 1072 2975 mimicus.
1101 2919 1129 2974 hi
1157 2936 1249 2976 omnes

171 3004 284 3061 Neronis
306 3005 418 3062 luerunt
438 3004 529 3062 liberti
550 3013 578 3060 et
600 3003 710 3061 deliciae
734 3004 865 3076 Augusti,
897 3003 944 3058 sed
967 3010 995 3058 et
1022 3003 1176 3078 nequissimi
1198 3005 1249 3061 de·
1308 2997 1314 3006 ⁸

171 3088 279 3144 latores.
308 3089 418 3146 Latinus
439 3098 529 3147 autem
557 3089 653 3144 mimus
681 3089 758 3161 quasi
785 3086 909 3143 conscius
939 3086 1062 3144 adulterii
1084 3087 1247 3158 Messalinae,

172 3171 249 3228 uxori
264 3172 387 3237 Neronis,
410 3175 443 3229 ab
465 3175 524 3248 ipso
548 3173 652 3229 occisus
675 3181 724 3228 est.
747 3170 832 3227 Massa
853 3179 941 3228 autem
963 3182 991 3229 et
1006 3172 1088 3230 Carus
1102 3173 1248 3233 Heliodoro

137 3252 139 3256 ’
174 3255 312 3313 deferente
334 3257 416 3313 occisi
444 3267 516 3314 suut.
546 3259 621 3314 cuius
648 3257 768 3313 suturam
790 3255 951 3314 delationem
972 3258 1007 3314 ita
1030 3259 1195 3325 metuebant,
1218 3270 1249 3318 ut
1327 3288 1330 3298 =

174 3343 196 3398 ei
219 3357 330 3398 munera
354 3341 457 3398 darent.
480 3359 541 3397 nam
562 3342 672 3398 latinus
693 3342 789 3399 mimus
808 3342 953 3417 Thymelen
968 3343 1074 3398 mimam
1095 3345 1249 3402 summitte-

171 3425 217 3483 bat
239 3427 273 3483 ad
295 3427 480 3501 mitigandum.
569 3429 607 3486 43
631 3427 711 3483 nimia
732 3429 819 3485 coitus
840 3427 950 3484 libidine
970 3427 1107 3501 fatigatus,
1130 3438 1177 3486 aut
1199 3447 1249 3486 ex-

171 3513 323 3586 pectatione
345 3511 508 3575 hereditatis,
531 3521 578 3569 aut
599 3521 672 3569 metu
693 3513 825 3570 adulterii.
871 3511 874 3518 ’
976 3515 1014 3570 47
1039 3529 1095 3569 non
1117 3515 1250 3590 ademptis

171 3596 261 3658 bonis.
284 3598 317 3656 de
340 3615 371 3655 eo
394 3598 435 3655 ius
458 3597 556 3654 dicitur
576 3598 734 3655 sinclitium
751 3598 944 3656 aestimatione.
1031 3601 1070 3656 49
1088 3599 1135 3676 qui
1148 3601 1247 3659 iudicio

171 3682 308 3749 vacabant,
332 3684 434 3740 decima
455 3683 521 3739 hora
545 3682 685 3742 cenabam.
708 3684 751 3740 hic
773 3681 898 3740 animab
921 3691 1021 3739 octava.

258 3833 290 3882 35
309 3846 359 3897 que
376 3845 481 3884 munere
498 3834 530 3883 P:
549 3833 602 3899 que
620 3848 689 3884 corr.
706 3847 725 3897 p
794 3831 884 3898 palpat
902 3846 953 3883 om.
970 3832 1070 3883 Paua.
1088 3833 1169 3897 longo
1187 3847 1248 3884 uer·

171 3900 249 3964 scip
303 3900 335 3951 38
353 3898 609 3966 NontihiPeorr-.p
662 3902 697 3952 44
714 3898 917 3965 lug-dunensem
936 3916 1013 3952 noea
1031 3901 1091 3951 uP
1156 3901 1248 3953 dasil-

173 3979 230 4017 cum
248 3971 297 4017 aut
314 3981 403 4018 sucum
422 3967 487 4033 Ppr.
592 3970 623 4020 47
643 3967 794 4036 prostrantis
807 3969 873 4035 Ppr.
955 3973 981 4020 et
992 3970 1024 4020 P:
1043 3970 1069 4020 at
1080 3983 1246 4034 supersenp

223 4058 264 4102 sa.
280 4058 313 4102 111
1026 4054 1041 4102 5
