2792 4444
167 189 207 248 66
618 187 792 244 livoratus

166 363 241 424 haec
263 380 318 442 ego
342 381 403 423 uon
428 363 545 422 credam
568 360 718 423 Venusina
742 361 829 441 digna
852 359 997 423 lucerna?

166 448 239 509 haec
262 467 317 526 ego
341 466 403 508 nou
427 445 557 526 agitem?
579 447 629 508 sed
653 447 722 526 quid
745 444 860 526 magis?
884 447 1039 508 Heracleas

167 541 218 595 aut
239 532 412 594 Diomedeas
433 541 484 593 aut
505 531 650 611 mugitum
673 532 835 612 labyrinthi

166 629 196 680 et
217 636 299 678 mare
321 635 495 697 percussum
518 635 612 697 puero
635 616 811 695 fabrumque
833 617 991 690 volantem,

167 721 233 766 cum
257 703 326 764 leno
348 701 473 782 accipiat
494 702 610 762 moechi
632 701 721 775 bona,
744 702 768 762 si
791 702 927 781 capiendi

165 789 212 850 ius
235 787 348 848 nullum
371 787 467 862 uxori,
490 787 595 848 doctus
617 795 752 866 spectare
774 787 906 861 lacunar,

165 875 270 934 doctus
293 881 323 933 et
344 872 380 932 ad
402 872 522 932 calicem
544 872 675 951 vigilanti
698 879 823 934 stertere
846 869 942 932 uaso‘l

165 976 233 1019 cum
256 959 300 1018 ias
321 975 385 1018 esse
407 965 493 1036 putet
512 975 614 1018 vcuram
637 974 758 1036 sperare
780 956 911 1017 cohortis

165 1043 217 1122 qui
240 1042 318 1102 bona
340 1041 460 1103 donavit
481 1040 673 1121 praesepibus
696 1050 726 1102 et
748 1049 828 1102 caret
850 1041 931 1102 omni
1028 1077 1034 1084 -
1064 1055 1079 1066 ··

165 1127 311 1189 maiorum
334 1145 437 1201 censu,
460 1127 531 1187 dum
554 1127 687 1205 pervolat
707 1143 761 1187 axe
783 1126 872 1190 citato

165 1212 339 1273 Flaminiam
364 1230 439 1290 puer
460 1209 669 1272 Automedon?
693 1229 760 1272 nam
783 1211 847 1271 lora
869 1210 990 1272 tenebat

166 1299 239 1377 ipse,
262 1297 428 1358 lacernatae
450 1314 516 1356 oum
541 1315 572 1358 se
594 1297 716 1356 iactaret
737 1295 857 1357 amicae.

166 1400 270 1443 nonne
291 1382 363 1442 libet
385 1381 482 1443 medio
505 1399 588 1442 ceras
610 1381 726 1461 inplere
748 1398 871 1460 capaces

167 1467 328 1546 quadrivio,
353 1485 421 1527 oum
444 1467 501 1526 iam
524 1474 605 1527 sexta
628 1466 741 1528 cervice
764 1467 878 1544 teratur,

165 1553 236 1613 hinc
259 1561 347 1630 atque
368 1551 438 1612 inde
461 1560 622 1647 pateus‘ac
645 1551 723 1612 nuda
745 1568 841 1630 paene
867 1551 1005 1612 cathedra
1209 1560 1237 1609 65

167 1645 196 1697 et
218 1638 342 1697 multum
364 1637 500 1697 referens
521 1637 558 1696 de
580 1636 749 1697 Maecenate
771 1636 880 1714 supino

167 1721 298 1799 signator
321 1721 393 1793 falsi,
417 1721 468 1799 qui
491 1739 522 1782 se
544 1721 656 1781 lautum
679 1730 767 1800 atque
789 1720 910 1781 beatum

167 1807 280 1884 exiguis
301 1805 409 1866 tabulis
431 1814 461 1866 et
482 1823 597 1885 gemma
619 1807 723 1867 iecerit
744 1804 823 1866 udal

167 1892 298 1952 occurrit
320 1900 454 1951 matrona
477 1899 594 1970 potens,
618 1909 693 1969 quae
716 1892 804 1951 molle
827 1891 968 1952 Calenum
1030 1973 1036 1982 '
1073 1939 1085 1995 4

165 1985 340 2055 porrectura
363 1975 424 2036 viro
447 1976 552 2037 miscet
573 1977 691 2037 sitiente
713 1977 847 2083 rusbetam
1023 1989 1080 2047 vota
1210 1983 1237 2034 to

253 2151 290 2206 51
316 2147 451 2204 lucernam
474 2147 533 2203 ideo
555 2146 633 2213 dicit,
664 2147 725 2221 quia
754 2147 851 2203 satirici
879 2146 913 2203 ad
936 2146 1054 2202 omnium
1076 2145 1137 2201 vitia
1163 2146 1238 2219 quasi

165 2231 303 2289 lucernam
324 2233 474 2295 admovent.
498 2241 526 2288 et
546 2231 588 2288 vel
610 2232 727 2289 adurunt
748 2231 789 2288 vel
813 2232 960 2288 ostendunt
975 2232 1085 2288 erimina
1101 2247 1169 2305 quae
1184 2247 1238 2286 no-

165 2325 272 2374 verunt.
359 2316 492 2374 Venusina
513 2327 603 2374 autem
623 2317 694 2380 ideo,
718 2317 780 2391 quia
801 2318 867 2374 baec
888 2317 939 2373 fuit
961 2317 1052 2374 civitas
1074 2315 1185 2372 lloratii.

245 2395 422 2459 ‘Venusinam
445 2420 460 2459 a
483 2402 597 2459 Venusia
619 2401 666 2460 ubi
687 2401 805 2458 laternae
827 2402 897 2458 leves
924 2401 1051 2467 fuerunt,
1081 2409 1112 2457 ut
1134 2399 1238 2458 Probus

164 2487 260 2562 inquit,
286 2504 354 2563 qnae
376 2487 494 2544 vilissimi
515 2475 669 2546 veniebant'
699 2487 791 2544 Valla.
890 2487 929 2544 52
952 2503 1108 2560 persequar,
1131 2495 1163 2543 ut
1176 2486 1239 2541 Vir-

165 2573 243 2648 gilius
267 2573 346 2648 [den.
364 2576 392 2639 5,
410 2573 484 2647 265]
500 2567 648 2648 ‘pallantes
671 2573 754 2629 Troas
776 2559 891 2646 agebat'.
1002 2574 1039 2630 5³
1063 2572 1152 2627 socios
1173 2572 1239 2627 llio-

164 2659 248 2716 medis
269 2659 296 2714 in
319 2673 380 2715 aves
402 2674 558 2715 conversos.
657 2661 695 2717 55
719 2659 742 2713 si
763 2657 916 2714 facultatem
937 2657 1048 2712 maritus
1070 2672 1125 2711 non
1148 2655 1237 2720 babet,

165 2751 197 2800 ut
218 2743 401 2816 deprehendat
421 2742 576 2818 spoliandos
599 2743 751 2809 adulteros,
775 2743 837 2816 quia
860 2750 925 2799 nota
947 2750 989 2799 est
1010 2741 1066 2799 eius
1087 2740 1170 2805 fraus,
1194 2749 1238 2796 ta-

165 2843 225 2883 men
250 2827 428 2884 coniventiam
449 2845 524 2883 suam
543 2827 670 2884 adulteris
690 2828 790 2884 vendit.
814 2836 841 2884 et
862 2827 901 2883 sic
922 2826 1101 2904 intellegitur:
1126 2828 1149 2883 si
1170 2841 1239 2882 uxor

165 2913 222 2969 eius
245 2912 302 2968 iure
323 2911 483 2987 impediatur
504 2912 627 2970 adultero
648 2913 804 2976 succedere,
825 2913 883 2988 ipse
904 2913 1015 2969 maritus
1036 2911 1097 2968 leno
1121 2911 1240 2968 succedit

164 2997 286 3055 adultero
313 2997 405 3064 bores,
434 3008 466 3055 ut
493 3016 542 3073 per
570 2998 803 3056 fideicommissum
830 3015 873 3054 res
901 2996 1014 3054 adulteri
1036 2996 1068 3052 ad
1091 2996 1238 3052 adulteram

164 3083 281 3140 veniant.
369 3085 408 3143 56
431 3094 462 3140 ut
484 3085 571 3141 carius
593 3084 691 3141 vendat
712 3083 882 3145 adulterium.
906 3097 1032 3156 praesens
1055 3089 1105 3137 est.

251 3169 290 3226 58
314 3183 405 3224 curam
427 3186 535 3243 sperare
557 3169 688 3226 cohortis.
710 3169 821 3226 militum
844 3166 1020 3224 tribunatum.
1109 3169 1146 3224 59
1170 3181 1239 3240 pro-

163 3261 225 3328 pter
246 3269 331 3328 equos
352 3253 405 3310 hoo
427 3255 492 3310 dixit
513 3264 541 3312 et
563 3271 594 3311 ea
615 3272 646 3312 re
666 3255 800 3311 Neronem
822 3251 914 3326 tangit.
1005 3253 1042 3310 at
1070 3252 1239 3308 Automedon

164 3355 215 3414 pro
238 3338 340 3413 auriga.
465 3339 504 3397 62
527 3340 642 3397 satirico.
666 3355 727 3395 nam
748 3338 841 3395 babitu
863 3337 931 3394 virili
952 3336 1078 3394 feminam
1102 3335 1237 3394 describit.

252 3428 291 3484 64
313 3425 354 3480 bis
376 3424 458 3483 rebus
480 3425 630 3482 concitatus
651 3433 745 3500 posset
767 3432 794 3480 et
815 3423 842 3478 in
865 3423 973 3498 publico
996 3423 1123 3481 scribere.

166 3511 205 3566 68
228 3508 321 3566 feeerit
342 3511 404 3566 uda.
432 3511 512 3567 saliva
541 3518 609 3567 tacta
638 3518 754 3584 propter
781 3508 910 3582 signaculi
939 3509 1153 3582 impressionem.

166 3597 204 3651 to
229 3592 324 3650 rubeta
347 3612 411 3652 rana
433 3604 483 3659 est,
507 3613 539 3653 ex
560 3597 636 3652 cuius
659 3593 832 3668 pulmonibus
848 3594 889 3650 vel
904 3593 1035 3667 sanguiue
1050 3592 1081 3649 tit
1094 3607 1239 3648 venenum.

252 3741 283 3792 52
303 3739 444 3793 herculeias
462 3740 562 3808 seettp
677 3744 708 3795 55
729 3741 762 3793 sit
780 3740 898 3808 capiendi
916 3741 984 3806 Ppr.
1089 3739 1121 3790 63
1140 3735 1239 3788 Nonme

164 3809 231 3874 Ppr.
353 3809 384 3860 67
403 3809 462 3860 falsi
474 3811 538 3860 Poe
553 3810 673 3876 uidebar,
700 3809 766 3862 ialso
783 3825 811 3875 p,
831 3813 888 3860 tum
904 3823 1001 3860 rursus
1018 3809 1095 3874 apice
1113 3807 1238 3872 imposito

164 3877 292 3926 distinata
309 3875 317 3925 i
336 3883 381 3927 eat
418 3875 525 3942 Signato
543 3878 608 3930 lalso
627 3877 769 3929 Matutam
840 3879 873 3930 68
891 3877 1022 3943 leceratp
1102 3876 1134 3927 69
1153 3886 1241 3924 occur·

164 3948 204 3995 rat
222 3943 394 3994 Heius-tobim
464 3947 497 3997 'lb
514 3945 607 3996 rubeta
624 3947 653 4009 P,
672 3945 798 3996 lineolam
815 3945 981 4012 superducit
996 3947 1051 3996 iam
1068 3944 1092 3994 P
1109 3944 1206 4010 opinor
