2804 4442
638 169 812 222 lvvnnnus

229 343 344 422 respice
368 362 450 403 nunc
472 341 527 402 alia
549 360 583 402 ac
606 342 719 402 diversa
741 341 873 422 pericula
896 345 1007 404 noctis:

187 429 265 506 quod
289 428 416 507 spatium
439 427 525 488 tectis
546 426 722 488 sublimibus
744 428 824 488 uude
847 428 1004 488 cerebrum

185 521 261 574 testa
283 514 359 586 ferit,
384 513 522 591 quotiens
543 511 651 573 rimosa
675 522 705 573 et
727 520 811 573 curta
825 513 972 574 fenestris
1217 521 1262 571 270

164 612 252 690 evasa
274 598 389 669 cadant,
414 604 525 676 quanto
548 615 724 694 percussum
745 597 878 677 pondere
901 599 1021 680 signent

67 669 175 782 “w
186 693 216 744 et
237 683 355 743 laedant
376 683 498 744 silicem
543 682 639 760 possis
661 683 786 760 ignavus
807 681 909 744 haberi
1172 671 1216 771 si*

185 776 215 828 et
236 767 326 829 subiti
348 786 434 828 casus
456 766 639 846 inprovidus
662 768 699 827 ad
723 785 826 828 cenam
849 771 873 828 si
1051 817 1059 850 ,
1077 785 1126 830 tw
1160 763 1165 777 ¹

184 853 341 914 intestatus
364 871 430 913 cas:
454 851 527 914 adeo
549 860 595 913 tot
616 853 682 929 lata,
707 860 780 930 quot
802 853 850 912 illa

186 945 274 998 nocte
297 945 400 1016 patent
420 937 523 1016 vigiles
546 946 575 997 te
597 945 808 1015 praetereunte
830 937 986 998 fenestrae.
1094 935 1174 1062 ,lp
1213 946 1260 998 tto

185 1040 256 1100 ergo
280 1030 332 1101 opt
333 1041 365 1083 es
387 1029 548 1100 votumque
571 1023 648 1082 seras
669 1021 836 1083 miserabile
858 1030 1027 1094 tecum,
1042 997 1105 1096 tl

183 1116 217 1167 ut
240 1106 300 1168 sint
321 1114 480 1167 contentae
503 1106 618 1184 patulas
640 1107 692 1167 del
693 1108 805 1168 undere
828 1107 937 1185 pelves.
1026 1077 1052 1159 'i

185 1190 285 1252 ebrius
308 1210 342 1252 ac
365 1192 503 1271 petulans
526 1191 577 1270 qui
600 1192 715 1252 nullum
738 1192 814 1253 lorte
837 1191 953 1264 cecidit,
1032 1184 1038 1200 ⁴

183 1277 233 1337 dat
256 1295 377 1355 poenas,
402 1285 520 1338 noctem
542 1276 654 1354 patitur
676 1277 805 1356 lugentis
828 1277 955 1337 amicum

185 1360 312 1434 Pelidae,
335 1361 454 1422 cubat
447 1381 477 1422 rn
501 1361 616 1432 laciem,
638 1380 707 1423 mox
729 1362 836 1422 deinde
858 1361 1000 1440 supinus;
1216 1370 1260 1421 780

184 1463 255 1524 ergo
279 1466 341 1507 non
364 1446 449 1507 aliter
471 1447 580 1524 poterit
602 1447 746 1524 dormire}
765 1446 941 1524 quibusdam

183 1549 322 1591 somnum
345 1531 407 1591 rixa
431 1531 509 1591 lacit.
554 1530 606 1591 sed
629 1532 761 1609 quamvis
783 1529 938 1609 improbus
961 1529 1047 1590 annis
1169 1597 1178 1615 ,Ι
1195 1527 1250 1614 Ι,77

178 1624 273 1693 ,atque
295 1634 378 1676 mero
402 1617 520 1676 fervens
542 1624 624 1676 cavet
645 1617 736 1686 hunc,
760 1633 846 1694 quem
870 1615 992 1676 coccina
1010 1615 1098 1694 laena
1154 1613 1196 1704 [¹⁸1
1218 1599 1265 1664 7Λ

137 1751 140 1761 .
182 1701 266 1760 vitari
290 1700 372 1760 iubet
395 1708 424 1760 et
446 1700 588 1760 comitum
610 1701 803 1779 longissimus
826 1700 927 1773 ordo(

84 1814 87 1824 ·
129 1780 131 1790 ’
184 1785 308 1844 multum
331 1793 485 1864 praeterea
507 1785 691 1845 flammarum
715 1792 745 1846 et
767 1804 857 1846 aenea
880 1786 1000 1864 lampae.
1215 1792 1258 1843 285

182 1887 241 1942 me,
265 1888 353 1949 quem
376 1871 448 1930 luna
471 1870 547 1930 solet
569 1870 716 1932 deducere
737 1871 784 1931 vel
804 1871 893 1930 breve
915 1870 1016 1929 lumen
1108 1939 1111 1946 .

183 1954 323 2015 candelae
345 1955 431 2015 cuius
452 1955 593 2034 dispenso
617 1965 646 2016 et
668 1965 802 2034 tempero
826 1956 918 2029 filum,
1121 1947 1124 1958 ‘

183 2041 358 2101 contemnit.
404 2039 531 2100 miserae
555 2058 703 2119 cognosce
726 2040 899 2118 prohoemia
920 2040 1010 2111 rixae,

183 2125 207 2184 si
229 2125 292 2186 rixa
316 2133 360 2186 est
383 2123 434 2185 ubi
457 2133 490 2184 tu
512 2125 624 2203 pulsas,
647 2144 702 2203 ego
724 2125 831 2204 vapulo
854 2131 980 2184 tantum.

182 2217 240 2269 stat
262 2218 365 2269 contra
389 2209 521 2287 starique
543 2209 635 2284 iubet,
657 2228 763 2288 parere
786 2227 908 2270 neeesse
931 2216 990 2282 est;
1216 2213 1260 2264 797

181 2397 287 2452 nienses
308 2399 422 2454 mortuis
444 2397 534 2454 solent
555 2399 583 2453 in
605 2415 653 2456 ore
676 2415 813 2455 nummum
836 2399 985 2462 inmittere,
1016 2405 1048 2452 ut
1068 2395 1138 2469 apud
1160 2393 1260 2450 inferos

181 2497 236 2537 non
264 2489 400 2556 tamquam
427 2483 521 2558 inopen
544 2493 645 2540 errent.
667 2484 739 2540 unde
761 2484 871 2540 naulum
895 2483 980 2540 Charo
1003 2481 1123 2553 accipere
1145 2477 1258 2536 solebat.
1317 2473 1321 2478 ’

180 2576 212 2623 ut
234 2566 306 2640 Virg.
330 2565 411 2642 [Aen.
436 2571 464 2631 6,
489 2567 562 2641 325]
580 2558 660 2626 ‘baec
681 2568 782 2630 omnis.
807 2585 886 2641 quam
909 2568 1010 2633 cernis,
1034 2568 1113 2639 inops
1134 2565 1259 2620 inhuma-

181 2661 264 2724 taque
286 2651 366 2708 turba
389 2641 449 2709 est’.
557 2654 617 2710 269
641 2654 713 2708 uude
736 2652 857 2709 cerebro.
880 2653 907 2708 id
929 2661 971 2709 est
991 2651 1134 2708 coniuncte
1156 2657 1258 2724 quanto
1277 2675 1284 2682 ν

181 2737 208 2790 in
231 2734 337 2790 excelso
360 2737 415 2792 sint
436 2735 547 2792 insulae.
642 2739 702 2795 275
727 2737 802 2811 quasi
824 2755 874 2811 per
896 2753 989 2794 omnes
1011 2736 1140 2792 fenestras
1161 2735 1260 2791 iactare

181 2818 286 2875 soleant
309 2827 336 2875 et
357 2828 529 2877 transeuntes
552 2821 683 2878 occidere.
771 2823 830 2879 277
854 2823 907 2878 hoc
928 2822 986 2893 tibi,
1008 2822 1104 2896 inquit.
1129 2829 1191 2894 opta
1208 2835 1258 2891 pro

180 2905 233 2960 vita
255 2911 286 2960 ut
307 2913 427 2962 stercore
448 2905 618 3001 perfundaris
640 2907 732 2980 potius
755 2923 834 2980 quam
856 2908 907 2963 alio
924 2908 997 2982 gravi
1012 2907 1132 2980 pondere
1146 2903 1258 2960 feriaris.

267 2991 327 3048 277
352 2990 496 3048 conchas
490 3009 516 3046 ru
540 2991 638 3065 quibus
661 2993 743 3066 pedes
765 2992 865 3049 lavant.
888 3001 934 3049 aut
955 3009 1016 3048 vasa
1038 2989 1137 3048 fictilia.
1161 2981 1259 3050 aedei-

180 3095 308 3152 νιπτρα.
439 3078 499 3135 279
533 3077 672 3173 quomodo
696 3077 813 3134 Achilles
835 3088 953 3134 maestus
975 3077 1027 3134 luit
1048 3093 1098 3150 pro
1122 3073 1256 3135 Patroclo.

180 3159 289 3232 quando
312 3161 417 3217 occisus
439 3173 493 3224 est.
518 3162 555 3218 sic
578 3164 713 3234 passivos,
736 3164 757 3218 si
781 3163 909 3219 neminem
934 3162 1069 3219 ceciderit.
1092 3176 1147 3215 non
1169 3165 1259 3232 potest

181 3243 299 3301 dormire
320 3246 378 3301 siue
399 3245 454 3302 lite.
543 3247 603 3305 283
626 3247 702 3303 laena
724 3249 798 3321 qnod
819 3248 911 3304 divites
935 3247 998 3303 olim
1020 3245 1174 3303 utebantur.
1192 3259 1260 3300 coc-

180 3330 237 3386 cina
260 3346 398 3429 purpurea
420 3331 493 3392 dixit,
516 3340 548 3387 ut
568 3331 641 3405 Virg.
667 3330 746 3406 [Aea.
770 3336 798 3396 4,
823 3321 926 3406 262]ῐ
929 3349 1058 3405 varroque
1073 3328 1182 3387 ardebat
1196 3345 1260 3383 mn-

149 3484 152 3490 .
179 3416 234 3471 7777
260 3403 357 3473 laeua.
380 3424 427 3473 aut
448 3416 551 3490 antiqui
573 3417 771 3491 amphimallum
794 3417 897 3474 laenam
919 3415 1098 3491 appellabant.
1197 3415 1257 3471 287

180 3500 256 3555 cuius
279 3501 403 3558 candelae
425 3519 556 3601 papyrum
579 3502 745 3575 temporibus
768 3502 885 3575 partior,
914 3510 945 3558 ut
968 3502 1055 3558 duret.
1144 3500 1204 3557 289
1227 3504 1260 3553 ut

180 3583 321 3640 Terentius
344 3585 407 3682 [dd.
431 3576 533 3660 213]‘
537 3603 588 3659 ego
611 3586 772 3659 vapulando,
796 3586 841 3642 ille
864 3586 1041 3650 verberando,
1071 3601 1157 3659 usque
1179 3580 1258 3638 ambo

180 3668 276 3725 defessi
297 3657 410 3726 sumlui.

269 3850 318 3901 269
338 3848 443 3900 cerebro
459 3855 526 3915 puto
545 3851 610 3916 Ppr.
716 3853 763 3903 271
784 3850 910 3916 cadentp
1010 3853 1056 3904 287
1078 3850 1182 3900 delebat
1197 3847 1258 3896 Hei-

184 3915 300 3977 7777777777,
318 3919 560 3981 interrogationem
578 3919 701 3982 plerique
718 3916 828 3977 faciunt
897 3921 946 3971 288
964 3920 1060 3984 premia
1076 3935 1095 3984 p
