2792 4444
627 211 758 264 salvus
779 212 810 263 vl

184 385 300 464 tinguat
323 384 387 445 olus
410 385 522 446 siccum
545 385 639 444 muria
662 385 744 445 valer
767 383 796 444 in
820 382 910 443 calice
934 392 1041 462 empta,
1185 293 1278 452 Md*

184 471 247 550 ipsc
269 489 385 532 sacrum
408 471 547 554 inrorans
569 453 811 549 patinae'piper3
834 468 882 528 hic
904 466 984 528 hona
1006 471 1095 529 dcntc

183 556 305 634 grandia
328 555 534 634 magnanimus
556 554 670 633 peragit
691 573 775 634 puer.
813 561 879 613 utar
901 571 965 630 ego,
989 562 1062 626 utar,

184 659 241 700 nec
263 641 403 702 rhombos
427 639 492 700 ideo
516 638 628 700 libertis
649 657 763 719 ponere
786 639 892 714 laeuus,

184 744 240 786 nec
261 726 361 786 tenuis
383 725 488 786 sollers
510 725 663 786 turdarum
687 743 775 785 nosse
797 723 908 784 salivas.

183 829 277 872 messe
300 819 388 870 tenus
411 797 532 888 propria
555 809 615 870 vive
639 819 668 870 ct
689 809 835 888 granaria,
862 809 905 868 las
927 815 980 881 est,
1229 819 1259 870 25

183 895 287 955 emole.
325 895 395 973 quid
420 892 553 954 metuas?
577 913 657 968 occa,
680 903 709 954 et
731 912 815 972 seges
837 892 925 953 altera
949 893 979 952 in
1004 892 1095 952 herba
1119 901 1172 953 est.

183 989 212 1040 at
235 989 318 1040 vocat
342 980 482 1052 osticium,
505 979 589 1040 trabe
611 988 697 1059 rupta
721 979 832 1040 Bruttia
856 996 923 1038 saxa

184 1065 302 1142 prendit
324 1065 436 1125 arnicas
459 1065 547 1142 inops
570 1083 692 1142 remque
716 1082 834 1124 omnent
858 1063 1005 1140 surdoque
1029 1071 1093 1122 vota

183 1150 315 1210 condidit
337 1149 432 1221 lonio,
455 1150 530 1210 iacet
553 1149 616 1229 ipse
639 1150 670 1210 in
694 1149 780 1210 litore
803 1158 833 1209 et
853 1167 912 1208 una

182 1236 318 1314 ingentes
341 1234 377 1294 de
400 1253 500 1314 puppe
523 1233 569 1295 dei
593 1235 710 1312 iamque
733 1234 817 1319 obgia
841 1233 948 1326 mergis

182 1330 262 1381 costa
285 1319 355 1380 ratis
379 1320 508 1379 lacerae:
533 1328 668 1380 nuncet
691 1318 727 1378 de
750 1320 880 1397 caespite
903 1319 966 1377 vivo

182 1405 284 1483 frange
309 1404 429 1482 aliquid,
452 1405 560 1484 largire
582 1403 674 1483 inopi,
699 1423 737 1464 nc
760 1405 857 1482 pictus
881 1403 1000 1462 oberret

181 1490 315 1550 caerulea
339 1490 370 1548 in
394 1489 502 1550 tabula.
540 1489 591 1549 sed
614 1507 719 1549 cenam
743 1488 856 1549 lunerie
880 1488 965 1547 heres

182 1575 318 1653 negleget
341 1575 444 1646 iratus,
468 1575 546 1654 quod
570 1592 633 1635 rem
656 1575 832 1646 curtaveris;
857 1590 949 1633 urnae

181 1678 246 1719 ossa
269 1660 394 1720 inodora
417 1659 506 1732 dabit,
529 1679 581 1720 seu
604 1660 719 1737 spirent
742 1660 877 1720 cinnama
901 1657 1022 1719 surdum
1227 1667 1256 1718 35

265 1851 304 1905 20
327 1847 413 1904 muria
441 1846 539 1902 dicitur
565 1846 699 1920 liquamen
727 1847 825 1904 malum
855 1847 897 1902 vel
926 1845 1076 1920 liquaminis
1103 1844 1191 1902 laeces
1214 1846 1255 1902 rel

178 1933 251 2006 quod
273 1930 413 2006 proprium
437 1939 486 1996 est,
510 1947 579 2004 aqua
600 1931 680 1987 mixta
702 1947 764 1986 com
785 1931 850 1987 sale.
916 1932 956 1988 22
979 1939 1048 1995 utar,
1071 1947 1122 1986 nec
1140 1931 1255 1988 maiores

178 2016 282 2074 delicias
305 2015 445 2074 clientibus
468 2016 532 2073 meis
554 2032 695 2090 apponam,
719 2032 769 2072 nec
791 2016 857 2072 adeo
880 2014 908 2070 in
929 2013 979 2071 hac
1000 2031 1031 2070 re
1053 2013 1162 2070 callidus
1184 2032 1253 2080 sum,

177 2111 207 2159 ut
236 2103 379 2160 turdorum
406 2118 516 2177 sapores
545 2101 703 2158 discernam.
732 2101 821 2158 solent
847 2099 918 2157 enim
944 2098 1051 2174 quidam
1073 2097 1150 2172 gallae
1173 2099 1254 2156 dediti

176 2196 263 2245 tantae
285 2187 439 2245 subtilitatis
461 2187 559 2244 babere
580 2186 707 2260 palatum,
730 2197 763 2244 ut
777 2195 943 2261 cognoscant
958 2184 1060 2248 turdos,
1084 2184 1107 2240 si
1121 2184 1253 2240 acinarius

175 2288 208 2329 an
237 2272 360 2329 cellarius
389 2281 437 2328 out
457 2271 571 2327 vivarius
592 2273 642 2335 sit.
672 2281 700 2328 et
721 2273 743 2327 si
765 2272 899 2329 masculus
921 2271 956 2328 sit
976 2287 1009 2326 an
1028 2269 1138 2326 lomina.
1183 2286 1253 2344 quos

175 2355 249 2412 velut
276 2357 372 2429 peritia
396 2356 518 2430 procacis
540 2355 618 2427 gulae
639 2356 703 2411 lacit
725 2356 751 2410 in
774 2356 822 2412 hac
844 2374 874 2412 re
896 2365 1024 2412 attentos.
1113 2356 1253 2412 turdarum

175 2439 283 2497 abusive
313 2440 416 2514 posuit,
447 2456 507 2496 cum
539 2439 679 2496 turdorum
708 2439 796 2496 dicere
822 2440 952 2502 debuerit,
976 2446 1007 2494 ut
1029 2439 1154 2494 Horatius
1175 2441 1253 2513 ponit

175 2524 238 2601 [sat.
259 2529 285 2590 l,
304 2529 332 2599 5,
350 2524 401 2601 72]
416 2519 519 2600 ‘paene
541 2541 645 2580 macros
667 2524 733 2580 arsit
754 2524 817 2580 duan
839 2525 935 2580 turdos
957 2531 1045 2578 versat
1064 2523 1091 2577 in
1114 2519 1197 2594 igne'.

260 2613 299 2669 26
323 2626 419 2668 occare
441 2618 491 2676 est,
514 2626 576 2666 cum
596 2609 691 2666 rustici
712 2609 816 2666 satione
837 2608 908 2665 lacta
931 2606 1019 2663 bobus
1042 2606 1154 2662 dimissis
1176 2606 1251 2680 glae-

173 2695 220 2752 bas
249 2697 363 2754 caedunt
382 2713 417 2752 ac
437 2694 573 2769 ligonibus
595 2694 734 2769 lrangunt.
778 2695 846 2751 dicta
869 2693 972 2750 occatio
995 2690 1071 2766 quasi
1092 2692 1251 2757 occaecatio,

174 2783 245 2856 quod
275 2781 413 2856 cooperiat
439 2781 549 2837 semina.
680 2783 719 2840 30
743 2780 850 2837 navium
875 2779 988 2836 tutelam
1015 2778 1091 2843 dicit,
1122 2795 1201 2852 quam
1222 2779 1250 2834 in

172 2867 307 2942 puppibus
335 2867 435 2924 babent
462 2863 504 2922 vel
533 2865 657 2938 pingunt.
809 2868 848 2926 32
872 2881 906 2922 nc
933 2864 1021 2938 pictus
1047 2863 1165 2920 oberret.
1189 2863 1251 2937 quia

174 2952 296 3010 solebant
318 2951 440 3026 naulragi
462 2967 538 3008 casus
560 2967 625 3007 suos
646 2951 758 3025 pingere
778 2951 806 3006 in
820 2949 922 3020 tabula,
944 2966 993 3023 per
1005 2964 1084 3022 quatu
1099 2949 1133 3005 ad
1144 2948 1250 3005 miseri-

172 3038 290 3093 cordiam
312 3047 485 3095 moverentur
505 3036 635 3092 videntes.
723 3038 761 3094 33
786 3035 864 3091 verba
886 3035 956 3090 arari
978 3032 1020 3089 vel
1040 3033 1250 3089 inmisericordls

173 3122 206 3178 ad
231 3122 367 3180 Persium:
396 3123 449 3179 boc
477 3139 532 3178 non
554 3120 657 3186 latiam,
686 3137 721 3176 ne
742 3120 820 3176 heres
842 3135 917 3176 meus
939 3118 1003 3176 milii
1025 3118 1154 3174 irascatur
1175 3119 1249 3192 quod

171 3206 310 3280 largiendo
333 3207 505 3264 hereditatem
527 3206 687 3271 deminuam,
710 3213 757 3262 aut
779 3205 867 3261 loneri
889 3221 959 3267 meo,
982 3210 1013 3260 ut
1034 3203 1104 3260 solet
1125 3202 1191 3268 lieri,
1214 3220 1249 3260 ne

172 3307 265 3348 cenam
293 3292 399 3365 quidem
427 3293 572 3366 impendat.
662 3293 699 3350 35
723 3299 770 3346 aut
790 3290 919 3356 inodora,
948 3289 1006 3345 sine
1029 3289 1112 3344 odore
1134 3289 1186 3344 boc
1209 3297 1250 3344 est

171 3379 228 3434 sine
257 3376 412 3450 unguentis,
446 3385 493 3434 aut
516 3377 663 3441 inhonora,
687 3375 712 3431 id
736 3384 778 3433 est
799 3376 892 3432 mortis
915 3375 1020 3430 honore
1043 3371 1168 3435 carentia,
1191 3371 1274 3428 sine'

171 3461 318 3537 sepultura.

258 3629 290 3679 20
309 3625 385 3678 holus
405 3632 428 3676 α
498 3624 593 3676 caliace
605 3625 673 3688 Ppr.
745 3624 776 3675 23
790 3621 894 3672 rombus
906 3621 939 3672 P:
959 3619 1092 3694 scpmbsoe
1112 3625 1135 3669 α
1193 3619 1248 3670 lau·
1289 3684 1294 3692 Ι

171 3692 204 3743 lis
223 3700 246 3744 ot
332 3696 366 3746 24
384 3692 514 3745 turdorum
534 3699 580 3758 ap
599 3688 634 3751 cf.
654 3692 767 3756 Sergius
790 3694 817 3739 et
834 3690 974 3754 Pompeius
998 3686 1073 3740 GLK.
1091 3687 1132 3738 IV
1151 3704 1177 3753 p.
1195 3687 1247 3739 494

171 3761 278 3824 0th.
300 3763 347 3813 161
430 3760 571 3812 26Emule
590 3766 613 3810 α
683 3758 775 3810 metuit
796 3765 820 3808 α
898 3759 929 3809 27
948 3754 1246 3808 AePeratatantd:

170 3827 217 3879 Ast
236 3835 282 3893 otp
371 3829 453 3880 brutia
472 3831 496 3880 Ρ
511 3828 597 3880 brucia
618 3834 641 3878 α
745 3828 777 3878 29
795 3825 864 3877 iouio
884 3833 908 3876 α
1013 3827 1045 3877 30
1064 3823 1208 3891 deliamque
1226 3824 1250 3871 P

258 3897 350 3961 mergit
367 3896 392 3947 Α
462 3899 492 3950 31
513 3895 636 3964 lacargl'
703 3897 736 3948 al
753 3910 805 3946 rem
825 3909 874 3946 om.
894 3901 918 3944 ot
988 3892 1151 3946 35Hossa0t
1192 3891 1247 3940 ino-

173 3963 233 4016 dora
252 3965 285 4016 P:
305 3963 429 4014 inhonora
450 3971 473 4015 α
577 3963 657 4026 dabit]
676 3963 707 4014 da
727 3965 880 4025 iunctura,
899 3963 937 4013 bit
955 3960 1157 4028 superadditum
1175 3958 1198 4008 P

1004 4047 1042 4096 4*
