2792 4444
149 153 187 210 68
597 152 770 207 lVVllNdllS

148 335 266 388 secreto
289 327 404 387 cenavit
426 324 519 386 avus?
542 344 624 385 nnnc
647 325 778 403 sportula
800 325 897 404 primo

148 411 251 472 limine
274 429 362 490 parva
385 411 468 472 sedet
489 409 595 471 turbae
618 410 760 487 rapienda
783 418 909 488 togatae.

150 496 198 557 ille
220 505 319 556 tamen
343 495 448 557 taciem
470 496 553 575 prius
576 495 696 574 inspicit
718 505 747 555 et
767 493 896 574 trepidat
919 515 956 556 ne

43 583 46 588 '
150 582 323 660 suppositus
346 581 445 642 venias
467 598 501 641 ac
523 581 597 641 salso
620 579 742 641 nomine
763 598 884 659 poscas:

151 665 268 746 a’gnitus
291 666 428 746 accipies.
472 664 555 726 iubet
578 683 595 725 a
617 683 765 743 praecone
786 665 884 726 vocari

151 751 233 830 ipsos
254 750 448 830 Troiugenas,
473 769 541 811 nam
564 759 671 810 vexant
691 750 781 810 limen
805 761 835 810 et
857 749 913 829 ipsi

152 835 318 898 nobiscum.
339 829 388 897 ‘da
412 837 551 916 praetori,
575 835 611 896 da
633 835 741 895 deinde
763 825 906 896 tribuno'.

151 920 201 981 sed
225 921 383 982 libertinus
405 921 488 1000 prior
511 929 563 982 est.
605 911 708 999 ‘prior'
735 920 832 997 inquit
851 912 920 999 ‘ego
944 920 1058 982 adsum.

151 1023 207 1066 cur
228 1006 346 1067 timeam
370 1005 537 1066 dubitemve
560 1006 659 1066 locum
682 1004 852 1078 defendere,
876 1006 1008 1083 quamvis

152 1100 240 1151 natus
262 1091 298 1150 ad
321 1091 504 1170 Euphraten,
527 1090 631 1151 molles
653 1091 732 1168 quod
755 1088 785 1150 in
810 1108 882 1150 aure
904 1091 1053 1172 fenestrae
1103 1089 1157 1142 te.
1174 1071 1248 1132 W

152 1176 314 1254 arguerint,
338 1175 407 1237 licet
428 1175 493 1253 ipse
516 1173 646 1254 negem?
669 1175 719 1235 sed
743 1175 877 1253 quinque
899 1175 1041 1237 tabernae
1186 1185 1228 1236 100

153 1260 370 1340 quadringenta
392 1270 507 1341 parant.
552 1259 623 1338 quid
646 1260 763 1320 confert
784 1277 918 1339 purpura
941 1261 1036 1322 maior

153 1346 326 1424 optandum,
349 1347 374 1407 si
397 1346 538 1407 Laurenti
559 1345 689 1407 custodit
710 1345 741 1405 in
765 1362 837 1424 agro

153 1431 316 1492 conductas
339 1430 483 1492 Corvinus
506 1449 583 1504 oves,
607 1449 662 1510 ego
686 1429 822 1509 possideo
846 1431 912 1508 plus

154 1514 286 1577 Pallante
309 1524 339 1576 et
361 1509 508 1576 Licinis‘l’
533 1523 692 1595 expectent
713 1532 785 1592 ergo
807 1515 931 1589 tribuni,

241 1690 280 1746 95
303 1687 364 1760 quis
386 1696 496 1744 tuorum
518 1697 565 1744 aut
586 1697 640 1744 tam
660 1686 782 1761 locuples
804 1695 851 1743 aut
872 1695 926 1743 tam
947 1686 1101 1744 luxuriosus
1118 1685 1175 1750 luit,
1199 1694 1232 1742 ut

155 1781 184 1829 tu
207 1770 259 1828 esi
282 1773 366 1829 moris
388 1781 478 1830 autem
501 1781 558 1829 erat
578 1773 649 1847 apud
671 1772 796 1846 antiquos
820 1795 839 1831 u
861 1788 895 1829 ne
918 1771 978 1846 quis
994 1770 1105 1829 adderet
1118 1787 1230 1845 posses-

154 1857 276 1914 sionibus
292 1857 347 1914 0010
370 1866 418 1914 aut
432 1875 463 1915 011
477 1857 528 1914 11110
544 1859 686 1916 minueret.
774 1860 814 1916 96
831 1856 889 1913 vult
903 1856 1016 1930 intelligi
1031 1857 1102 1931 apud
1117 1864 1229 1921 veteres,

155 1943 275 2017 quamvis
288 1960 421 2018 pauperes
445 1952 543 2009 essent,
567 1951 656 2000 tamen
677 1943 803 2000 maiorem
823 1942 1016 2014 humanitatem
1036 1940 1134 2008 luisse;
1159 1951 1233 1998 nunc

154 2037 242 2085 antem
264 2045 322 2085 eam
344 2028 428 2085 solam
449 2029 532 2086 videri
554 2028 760 2093 humanitatem,
791 2027 865 2101 quod
887 2027 910 2083 si
938 2028 1016 2084 detur
1038 2026 1174 2101 sportula,
1204 2035 1231 2082 et

152 2114 210 2187 ipsa
234 2113 405 2178 tenuissima,
434 2122 522 2170 tamen
551 2112 585 2168 ab
612 2113 753 2168 honoratis
780 2128 836 2168 non
860 2112 1020 2178 excludaris,
1051 2113 1096 2185 qui
1119 2113 1150 2168 ad
1174 2128 1230 2169 eam

154 2199 212 2254 sine
234 2198 339 2271 pudore
361 2197 535 2255 conveniunt.
626 2200 683 2256 100
707 2197 850 2271 patricios,
874 2199 921 2272 qni
943 2197 993 2254 nisi
1021 2197 1103 2271 agniti
1131 2196 1231 2253 inerint

155 2297 211 2338 non
234 2282 378 2356 accipiunt,
401 2282 500 2339 nedum
523 2282 637 2340 humiles
659 2284 765 2357 possint
779 2283 910 2357 accipere.
1001 2284 1059 2340 102
1075 2282 1163 2356 arguit
1177 2283 1231 2339 ho·

154 2366 241 2423 mines
264 2367 310 2442 qui
333 2369 359 2423 in
381 2367 570 2425 libertinorum
593 2367 679 2426 tribus
709 2369 787 2426 relati
813 2377 888 2425 sunt.
916 2367 962 2441 qui
990 2384 1052 2424 cum
1079 2367 1232 2426 libertatern

154 2461 322 2518 meruerunt,
347 2454 464 2527 pertusis
486 2454 596 2511 auribus
617 2455 693 2527 signa
713 2452 900 2511 libertinorum
923 2452 1009 2510 celare
1030 2470 1085 2510 non
1106 2462 1231 2527 possunt.

245 2541 304 2596 104
327 2539 537 2613 Mesopotameni
558 2540 680 2596 homiues
704 2538 848 2596 effrenatae
863 2537 978 2595 libidinis
993 2539 1099 2595 suntin
1115 2547 1232 2613 utroque

155 2639 231 2680 sexu.
254 2621 384 2679 Salustius
407 2624 536 2680 meminit.
670 2625 729 2681 106
752 2625 958 2698 quadringenta.
987 2624 1034 2697 qui
1056 2632 1113 2680 erat
1134 2640 1232 2680 census

156 2716 234 2762 antea
256 2707 376 2780 equitum
398 2707 590 2763 Romanorum.
722 2709 786 2782 quid
812 2708 920 2766 confert
948 2725 1077 2783 purpura.
1107 2707 1233 2765 lucillius

154 2780 264 2850 ‘aurum
286 2799 367 2864 atque
383 2791 518 2848 ambitiost
538 2791 672 2866 specimen
695 2780 821 2850 virtutis'.
909 2811 1039 2868 purpura.
1062 2793 1232 2850 laticlauium.

247 2877 304 2935 109
325 2865 425 2933 ‘Pallas
446 2876 569 2944 libertus,
592 2887 623 2934 ut
645 2877 733 2953 inquit
754 2879 876 2944 ProbnS,
907 2879 1008 2936 claudii
1031 2879 1147 2936 Caesaris
1170 2877 1233 2936 0111-

158 2961 229 3020 cium
250 2962 386 3018 rationum
405 2963 599 3020 administravit
614 2964 682 3021 etin
698 2980 840 3021 numerum
855 2975 1011 3039 praetorum
1024 2965 1135 3028 relatus,
1159 2964 1234 3039 quod

156 3063 302 3121 parumper
330 3055 502 3105 cunctantem
525 3049 662 3107 Caesarem
691 3051 724 3107 de
752 3050 856 3106 incestu
878 3051 1042 3124 Agrippinae
1068 3052 1101 3107 ad
1127 3049 1234 3125 nuptias

158 3131 351 3196 confirmasset,
376 3149 437 3189 cum
459 3151 512 3207 qua
534 3134 590 3208 ipse
612 3135 833 3192 consuetudinem
854 3136 941 3208 stupri
962 3136 1029 3192 adeo
1051 3135 1235 3210 1111111000-

157 3225 215 3281 rat,
227 3225 259 3272 nt
274 3217 301 3272 in
320 3217 437 3290 quodam
455 3218 597 3274 simulacro
610 3220 745 3277 Palatinae
755 3221 889 3276 llincrvae
905 3220 1071 3295 adscriptum
1082 3223 1130 3278 sit:
1148 3219 1234 3277 Pallas

159 3296 189 3362 6'
203 3298 382 3364 αἰτιῶνται’
402 3303 497 3360 Vatia.
581 3294 710 3372 ‘Licinus
726 3306 813 3379 inquit
826 3303 942 3370 Probus,
967 3324 998 3362 01
1013 3306 1152 3364 Germania
1165 3319 1235 3378 puer

159 3396 254 3460 captus
275 3397 365 3445 tantae
379 3388 525 3445 industriae
540 3388 599 3455 luit,
622 3399 653 3447 ut
668 3391 793 3464 reliquias
814 3390 975 3448 cibariorum
996 3392 1066 3447 inter
1087 3404 1234 3446 conservos

159 3471 318 3535 1101011100,
343 3483 371 3530 00
392 3474 435 3530 cni
458 3475 523 3548 quid
545 3475 702 3533 credidisset
723 3475 796 3550 quali
817 3485 925 3550 poterat
945 3474 1124 3548 chirographo
1142 3472 1235 3549 pugil-

158 3554 260 3612 laribus
274 3555 442 3616 subnotaret.
465 3575 534 3634 quos
550 3577 611 3617 cum
627 3561 795 3635 expeditione
816 3563 930 3636 quadam
952 3560 1114 3617 transiturus
1135 3559 1235 3616 ilumen

159 3640 373 3698 investimentis
395 3645 601 3712 recondidisset,
634 3646 662 3702 C.
686 3645 752 3703 lulio
776 3647 881 3704 Caesari
902 3646 1018 3722 quodam
1041 3646 1190 3722 denegante
1212 3644 1235 3702 ei

158 3724 336 3799 pugillaribus
357 3727 500 3802 quicquam
521 3739 679 3788 1000010110
700 3731 831 3789 barbarus
852 3733 983 3807 legendos
1012 3731 1119 3790 obtulit.
1148 3731 1237 3791 statim

247 3908 295 3957 102
315 3910 341 3956 et
358 3910 422 3956 ante
439 3921 487 3972 ego
506 3924 611 3960 ararum
629 3911 653 3960 Ρ
721 3914 770 3964 106
788 3917 1001 3979 purpuraemator
1018 3917 1128 3969 Pcorr.
1145 3932 1163 3982 p
