2792 4444
187 211 207 270 6
677 211 782 266 PERSll

189 384 346 446 adsensere
367 383 438 444 riri:
462 401 543 445 nunc
566 403 627 445 non
651 385 725 446 cinis
746 384 794 446 ille
816 394 921 464 poetae

188 465 279 530 ielix‘i
302 488 363 531 non
386 468 477 531 levior
499 469 604 550 cippus
627 488 709 531 nunc
731 469 865 550 inprimit
886 468 973 532 ossa?

189 553 310 616 laudant
331 554 486 615 convivae:
510 573 592 616 nunc
615 573 676 616 non
700 575 716 617 e
739 555 875 617 manibus
896 556 962 629 illis,

188 658 271 701 nunc
293 657 355 700 non
379 658 395 700 e
416 639 531 700 tumulo
554 640 763 719 fortunataque
783 640 878 702 favilla

189 732 350 786 nascentur
370 723 486 786 violae?
505 715 609 788 ‘rides'
635 725 676 786 ait
690 723 737 786 ‘et
758 725 846 787 nimis
867 726 953 787 uncis

189 808 311 871 naribus
333 809 477 890 indulges.
515 829 553 873 nn
577 811 632 872 erit
654 811 705 890 qui
727 811 800 872 velie
821 819 939 873 recuset

189 913 224 956 os
245 895 348 975 populi
371 895 514 957 meruisse
537 903 566 956 et
588 895 677 956 cedro
699 895 787 975 digna
810 896 927 958 locutus

187 980 324 1058 linquere
346 999 403 1041 nec
424 979 579 1042 scombros
600 981 762 1042 metuentia
784 981 916 1042 carmina
939 999 995 1042 nec
1022 970 1104 1042 tus‘i'

231 1065 365 1144 quisquis
388 1084 428 1143 es,
453 1084 470 1125 o
492 1066 581 1128 modo
605 1085 692 1146 quem
716 1085 751 1126 ex
773 1066 894 1128 adverso
917 1065 1016 1128 dicere
1037 1064 1103 1140 leci,

188 1168 250 1211 non
274 1167 330 1229 ego
352 1168 420 1212 cum
442 1149 550 1225 scribo,
573 1151 598 1214 si
620 1151 697 1212 lorte
719 1151 789 1231 quid
811 1151 909 1232 aptius
931 1151 999 1226 exit,
1114 1163 1117 1170 ’
1233 1160 1262 1210 lu

188 1236 306 1314 quando
329 1235 386 1296 boc
408 1253 475 1296 rara
497 1237 557 1298 avis
580 1245 632 1310 est,
655 1237 679 1298 si
703 1237 772 1315 quid
795 1245 892 1298 tamen
916 1235 1012 1316 aptius
1034 1234 1103 1309 exit,

188 1320 302 1381 laudari
323 1331 462 1395 metuam,
486 1340 583 1401 neque
606 1321 685 1382 enim
706 1321 778 1382 mihi
802 1340 912 1382 cornea
934 1320 1006 1382 iibra
1029 1330 1082 1382 est.

187 1407 238 1467 sed
260 1405 334 1467 recti
356 1407 506 1484 finemque
529 1415 753 1509 extremumque
775 1425 839 1468 esse
862 1425 968 1468 recuso

184 1482 284 1570 ‘euge'
306 1501 390 1552 tuum
414 1501 443 1553 et
458 1483 572 1553 ‘belle'.
610 1511 679 1552 nam
712 1489 800 1552 belle'
822 1492 879 1552 hoc
902 1499 1007 1553 excute
1029 1498 1138 1552 totum:

188 1576 259 1653 quid
282 1595 344 1637 non
368 1576 449 1638 intus
471 1575 581 1638 habet?
604 1597 666 1638 non
689 1576 738 1637 bic
760 1585 805 1638 est
826 1576 893 1638 Ilias
914 1577 974 1639 Atti
1234 1583 1263 1635 tt

187 1660 267 1722 ebria
290 1659 428 1723 veratro‘i
451 1682 512 1725 non
536 1663 620 1742 siqua
642 1651 765 1741 elegidia
788 1661 872 1723 crudi

188 1866 248 1923 tatis
270 1866 424 1924 accentibus
446 1876 542 1925 curtat.
631 1869 670 1927 36
693 1867 760 1924 cinis
781 1867 844 1924 lelix
866 1877 915 1933 est,
938 1865 1065 1941 quotiens
1093 1866 1125 1923 de
1150 1868 1263 1925 mortuis

186 1951 257 2009 bene
284 1951 431 2026 loquimur.
473 1961 576 2010 veteres
606 1953 729 2010 dixerunt
756 1952 925 2026 praegravari
952 1968 1068 2026 corpora
1096 1968 1189 2009 eorum
1218 1954 1264 2027 qui

186 2037 295 2112 corpori
319 2046 422 2095 tantum
443 2039 581 2095 studentes
603 2038 667 2094 nihil
685 2037 857 2094 memorabile
879 2036 1057 2112 reliquerunt.
1134 2038 1170 2094 37
1195 2054 1264 2110 pro-

186 2122 244 2196 prie
267 2122 361 2198 cippus
384 2133 425 2180 est
447 2123 512 2197 lapis
535 2122 681 2197 sepulchri.
783 2124 821 2181 39
846 2121 965 2179 tumulus
988 2121 1084 2179 dicitur
1105 2129 1192 2178 terrae
1214 2139 1266 2196 ag-

186 2207 281 2280 gestio,
304 2208 352 2265 ubi
374 2207 446 2264 nulla
468 2207 593 2264 memoria
617 2215 666 2264 est.
754 2209 793 2265 42
816 2224 875 2264 mos
903 2207 975 2282 apud
1003 2216 1106 2264 veteres
1135 2213 1205 2271 erat,
1233 2216 1265 2263 ut
1376 2265 1377 2276 q

186 2291 293 2349 chartae
314 2293 342 2348 in
365 2292 463 2367 quibus
485 2291 584 2349 nobilia
605 2292 719 2349 carmina
742 2291 942 2358 scribebantur,
967 2291 1027 2349 cleo
1050 2292 1158 2348 cedrino
1180 2290 1265 2348 inun-
1376 2307 1377 2324 *

187 2385 326 2451 gerentur,
350 2380 424 2452 quod
447 2386 474 2435 et
495 2378 539 2435 diu
563 2377 696 2435 durabiles
718 2377 818 2434 laceret
840 2387 866 2434 et
887 2394 903 2434 a
924 2377 1002 2435 tineis
1018 2383 1197 2434 conservaret.
1220 2375 1264 2433 alii

187 2461 281 2520 dicunt
303 2463 413 2520 cedrum
434 2480 520 2538 genus
543 2463 608 2537 ligni
629 2480 687 2520 esse
709 2462 783 2537 quod
804 2463 914 2535 dignum
928 2461 1090 2520 bibliotheca
1104 2461 1261 2519 habebatur.

140 2619 142 2624 Ι
274 2550 313 2607 43
338 2566 407 2623 quae
428 2550 544 2606 carmina
566 2548 671 2605 nullum
699 2547 850 2621 periculum
878 2547 994 2604 babeant
1021 2549 1091 2621 apud
1114 2546 1262 2603 salsamen-

187 2633 270 2690 tarios
292 2644 319 2691 et
340 2634 464 2691 turarics.
551 2631 669 2690 scombri
691 2633 817 2689 dicuntur
838 2633 925 2706 pisces
955 2634 988 2689 de
1016 2633 1114 2706 quibus
1136 2632 1167 2689 lit
1188 2631 1262 2706 opti·

185 2733 259 2775 mum
288 2734 392 2791 garum.
501 2720 540 2776 45
571 2717 660 2774 scribo
689 2715 837 2791 praesentis
860 2727 915 2785 est,
947 2717 1000 2774 exit
1027 2717 1163 2781 similiter,
1191 2716 1262 2773 unde

186 2802 364 2876 posteriorem
393 2802 519 2878 syllabam
546 2819 602 2859 non
639 2801 734 2858 dubito
763 2801 883 2858 Persium
918 2803 1100 2860 doctissimum
1128 2801 1263 2858 hominem

186 2886 282 2943 dixisse
304 2896 443 2962 correpte,
474 2888 592 2962 quamvis
621 2887 728 2961 quidam
749 2886 901 2961 producant
921 2905 979 2946 eam
1001 2896 1028 2945 et
1048 2887 1160 2944 verbum
1182 2902 1262 2961 prae-

186 2971 259 3029 teriti
280 2973 408 3047 temporis
429 2971 536 3030 faciant.
639 2975 679 3030 46
703 2970 840 3028 translatio
864 2983 904 3030 est
924 2990 939 3029 a
962 2973 1101 3046 phoenice.
1193 2987 1262 3045 pro-

185 3056 336 3114 verbialiter
364 3075 448 3114 raram
478 3075 567 3122 avem,
597 3075 654 3115 cam
683 3074 764 3131 quam
786 3065 850 3131 post
870 3057 982 3132 longum
1004 3067 1110 3132 tempus
1131 3057 1261 3114 videmus.

272 3144 311 3202 48
335 3144 386 3200 hoc
408 3143 485 3201 dicit:
508 3143 613 3200 laudem
636 3143 743 3217 quidem
765 3159 839 3207 amo,
863 3160 918 3199 non
940 3142 1046 3209 falsam,
1070 3143 1117 3199 sed
1140 3158 1208 3216 qnae
1229 3141 1261 3198 ad

186 3226 267 3284 finem
290 3237 436 3285 extremum
459 3229 535 3301 recti,
558 3229 592 3286 ad
614 3228 750 3285 veritatem
773 3227 904 3285 intendat.
981 3231 1020 3287 49
1044 3244 1113 3300 euge
1134 3237 1162 3284 et
1182 3225 1261 3282 belle.

185 3312 239 3370 hoc
260 3313 331 3370 enim
359 3313 410 3371 dici
437 3314 507 3371 solet
529 3315 609 3371 Accio
630 3312 758 3370 Labeoni.
848 3321 952 3370 excute.
973 3313 1111 3371 translatio
1142 3311 1261 3368 aresti-

185 3405 275 3456 mcnto
304 3400 385 3474 pleno
417 3398 539 3456 sentibus
568 3399 610 3456 vel
639 3398 855 3472 quibuscumque
882 3399 1062 3472 corpusculis,
1095 3397 1168 3471 quod
1200 3412 1261 3452 cum

186 3499 327 3541 excussum
350 3484 440 3552 luerit,
464 3484 590 3559 quicquid
613 3482 694 3540 babet
714 3481 908 3549 absconditum,
931 3484 1040 3557 proicit.
1138 3486 1174 3541 51
1201 3479 1262 3538 elle·

185 3566 283 3626 bomm
306 3586 410 3643 graece,
440 3569 522 3626 latine
550 3578 701 3632 veratrum,
732 3569 804 3641 quod
834 3570 913 3626 datur
941 3567 1146 3633 insanientibus,
1175 3574 1207 3623 nt
1227 3564 1261 3621 ad

273 3768 306 3819 36
324 3765 362 3818 illi
381 3774 405 3817 α
486 3768 519 3819 39
538 3770 564 3818 et
582 3774 605 3817 α
687 3771 720 3821 40
738 3771 778 3820 ast
797 3775 821 3819 α
899 3770 932 3821 42
950 3766 1002 3820 llos
1021 3773 1045 3818 α
1126 3768 1160 3818 44
1177 3763 1260 3815 dicere

186 3833 225 3886 las
244 3839 284 3886 est
302 3841 326 3885 α
395 3837 428 3886 45
447 3835 581 3889 conscribo
600 3843 624 3887 α
703 3837 771 3888 exsit
791 3843 814 3887 α
893 3839 926 3889 46
945 3839 976 3888 ct
995 3838 1104 3886 irrueram
1123 3833 1218 3884 ordine
1236 3838 1259 3882 ut

184 3903 308 4023 {pabaaece
320 3907 350 4022 §P
362 3974 392 4022 in
409 3904 475 4024 prpqit
493 3910 517 3954 α
608 3907 640 3957 47
660 3904 721 3956 mihi
740 3921 790 3956 om.
810 3911 834 3955 α
912 3907 940 3957 bl
963 3904 1036 3970 sique
1055 3902 1148 3969 legidia
1168 3908 1191 3951 α
1208 3915 1260 3950 me-
