2792 4444
598 203 729 256 samana
747 205 758 257 l

140 387 169 439 et
190 388 242 440 tua
264 388 359 438 aratra
382 379 501 440 domum
524 378 612 439 lictor
632 379 708 441 tulit.
746 376 838 458 ‘euge
860 389 980 458 poeta:
1186 391 1216 440 to

141 472 186 525 est
207 483 312 524 nunc
309 462 421 524 Brisaei
444 482 533 542 quem
556 482 684 526 venosus
707 463 783 524 liber
802 465 884 538 Aoci,

139 557 210 610 sunt
232 568 307 627 quos
329 549 532 628 Pacuviusque
554 558 584 609 et
606 567 761 610 verrucosa
783 561 916 611 moretur

140 635 278 714 Antiopa,
300 635 451 695 aerumnis
473 653 526 695 cor
547 634 735 695 luctificabile
757 625 866 714 tulta?

140 719 195 780 bos
217 720 318 799 pneris
340 708 513 780 monitus
493 729 592 799 patres
613 705 781 780 infundere
786 701 891 799 lippos

140 823 208 865 oum
230 805 337 877 rideas,
360 805 516 882 quaerisne
539 806 619 866 unde
637 806 713 865 baec
735 814 852 883 sartago
878 805 1019 883 loquendi
1185 814 1215 866 80

138 889 252 950 venerit
273 891 304 951 in
327 889 451 968 linguas,
473 891 553 951 uode
575 889 654 950 istud
676 890 833 951 dedecus'
822 910 856 950 «ιι
880 909 939 969 qno

139 974 285 1078 trosssulus
309 976 418 1036 exultat
439 975 493 1036 tibi
515 994 569 1055 por
590 975 727 1036 subsebia
750 973 843 1036 levis?

228 1147 267 1202 76
291 1145 425 1204 Brisaenm
447 1147 558 1204 Accium
578 1149 639 1205 ideo
663 1149 741 1211 dixit,
769 1148 830 1222 quia
858 1155 954 1222 poetae
974 1148 1002 1203 in
1024 1146 1112 1203 Liberi
1133 1147 1217 1220 patris

142 1229 226 1288 tutela
248 1247 307 1286 esse
330 1240 489 1289 noscuntur.
540 1242 581 1289 est
609 1242 698 1290 autem
721 1231 843 1289 brisaeus
864 1233 944 1290 Liber
971 1239 1049 1306 pater
1078 1230 1216 1305 cognomi·

140 1323 235 1380 natus,
268 1324 299 1372 ιιι
322 1316 480 1389 quibusdam
502 1317 622 1383 videtur,
645 1334 659 1374 a
681 1318 767 1374 mobis
789 1336 855 1382 usu,
886 1335 918 1375 co
940 1317 1014 1391 quod
1035 1317 1093 1390 ipse
1114 1317 1216 1390 primns

139 1401 272 1457 invenisse
293 1401 397 1458 dicatur
417 1402 470 1459 mel
498 1420 530 1458 ex
552 1402 616 1459 lavis
639 1403 788 1477 exprimere
810 1401 903 1476 (brisin
925 1402 1073 1458 iucundum
1095 1401 1216 1466 dicimus,

140 1486 213 1543 unde
235 1486 312 1542 etiam
335 1487 441 1560 quidam
457 1489 571 1545 Briseida
595 1489 746 1546 existimant
766 1487 870 1549 dictam,
894 1487 969 1561 quod
983 1485 1078 1542 Achilli
1099 1486 1217 1542 inormda

139 1569 242 1642 luerit).
286 1579 318 1628 ut
338 1571 394 1628 aliis
416 1573 535 1638 videtur,
565 1573 598 1629 ab
621 1590 686 1638 uva,
717 1573 779 1647 quia
804 1589 881 1628 uvam
903 1573 1034 1628 invenerit
1056 1579 1083 1628 et
1105 1588 1216 1646 expres·

140 1657 206 1712 serit
237 1655 352 1730 pedibus
385 1656 498 1732 (brisare
531 1658 601 1714 enim
630 1658 727 1716 dieitur
756 1656 925 1732 exprimere).
976 1656 1017 1714 vel
1046 1673 1079 1713 ex
1108 1657 1216 1712 nomine

140 1739 272 1814 nymphae
293 1759 362 1816 quae
384 1759 446 1798 eum
467 1745 586 1800 nutrisse
608 1744 712 1800 dicitur.
757 1743 801 1799 vel
822 1743 881 1799 ideo
905 1741 965 1816 quia
994 1741 1121 1799 barbatus
1150 1741 1217 1798 ooli·

140 1833 195 1880 tur.
282 1830 320 1884 77
338 1827 466 1902 Antiopa,
489 1829 582 1902 Nyctei
603 1830 675 1902 regis
697 1829 758 1894 iilia,
782 1827 815 1884 ab
838 1828 948 1901 Epapho
970 1844 1020 1902 par
1042 1827 1132 1884 dolum
1154 1837 1217 1882 stu-

140 1919 226 1983 prata,
250 1910 285 1967 ob
307 1911 397 1967 hoca
419 1913 476 1966 viro
499 1929 549 1968 sno
573 1914 644 1986 Lyco
667 1923 758 1985 spreta
781 1921 831 1971 est.
877 1913 945 1967 banc
961 1912 1081 1969 relictam
1096 1912 1217 1985 luppiter

141 2011 288 2051 conversus
309 1996 336 2052 in
359 2006 478 2070 satyrum
502 1997 596 2054 dicitur
619 1998 820 2070 compressisse.
864 1998 948 2052 iratus
966 1997 1058 2070 ,Lycus
1073 1997 1166 2054 llircen
1190 1997 1217 2051 in

134 2080 337 2137 matrimonium
361 2081 451 2146 duxit,
483 2084 525 2139 cui
552 2083 670 2156 suspicio
693 2082 785 2140 incidit
806 2083 892 2138 virum
914 2099 992 2137 suurn
1017 2098 1077 2138 oum
1099 2083 1217 2154 Antiopa

139 2165 328 2224 concumbere.
371 2168 463 2242 itaque
484 2168 625 2242 imperarit
646 2167 759 2232 lamnlis,
781 2177 811 2223 ut
835 2185 891 2223 eam
912 2168 1026 2223 vinctam
1048 2167 1076 2223 in
1098 2164 1216 2222 tenebris

139 2243 305 2307 clauderent.
349 2251 444 2309 deinde
467 2254 554 2310 evenit
576 2263 606 2308 nt
626 2252 825 2318 includeretur,
855 2261 884 2310 et
911 2254 1028 2308 instante
1049 2268 1137 2325 poena
1158 2253 1217 2308 An-

138 2335 228 2407 tiopae
250 2335 369 2409 luppiter
391 2337 589 2409 pulchritudine
612 2339 739 2394 seductus
768 2348 794 2392 et
821 2338 918 2394 ardore
940 2336 1099 2394 concubitus
1122 2353 1179 2392 eam
1201 2353 1216 2391 a

138 2418 252 2476 vinculis
274 2418 394 2476 liberavit
416 2429 443 2476 et
463 2421 664 2495 impraegnavit.
710 2438 741 2477 ex
763 2439 817 2494 quo
842 2421 987 2478 concubitu
1010 2423 1036 2476 in
1058 2421 1217 2478 Cithaerone

137 2513 230 2561 monte
245 2504 357 2561 Zethum
373 2514 400 2562 et
414 2505 592 2578 Amphionem
612 2505 775 2579 procreavit.
819 2506 866 2578 qui
888 2505 993 2562 educati
1014 2522 1029 2560 a
1051 2505 1215 2578 pastoribus,

138 2599 282 2664 postquam
310 2601 396 2647 mater
425 2591 540 2664 Antiopa
569 2592 697 2664 cognovit
726 2607 772 2646 eos
802 2599 829 2646 et
857 2591 895 2648 eis
924 2589 1044 2654 rettulit,
1079 2589 1216 2663 quomodo

138 2673 220 2732 fuerit
241 2691 256 2730 a
278 2675 354 2732 Dirce
375 2684 502 2740 tractata,
532 2676 632 2750 Lycum
662 2675 858 2732 interfecerunt
888 2684 916 2732 et
937 2674 1061 2731 iniuriam
1082 2676 1216 2748 Antiopae

138 2760 230 2816 matris
252 2760 341 2816 llirces
371 2761 502 2835 supplicio
531 2761 742 2818 vindicaverunt.
787 2777 846 2816 nam
876 2759 911 2817 ob
935 2759 1043 2818 crudele
1069 2759 1215 2824 servitium,

140 2846 213 2918 quod
236 2844 259 2902 ei
281 2845 369 2902 luerat
389 2862 405 2901 a
426 2847 501 2903 Dirce
523 2847 694 2920 impositum,
723 2845 826 2903 crudeli
854 2854 932 2903 tauro
962 2845 1088 2918 illigatam
1117 2846 1145 2901 in
1168 2839 1240 2901 sil-¹

138 2947 198 2985 vam
221 2930 387 2986 dimiserunt.
431 2931 494 2986 hinc
514 2929 577 2986 lons
598 2931 643 2987 ille
671 2930 819 3004 appellatus
849 2940 891 2987 est
913 2932 1018 2996 hircos,
1051 2930 1097 3004 qui
1120 2929 1216 2986 Thebis

139 3014 242 3071 vicinus
264 3024 318 3080 est,
348 3015 422 3090 quod
451 3033 483 3072 ex
510 3015 570 3090 ipso
598 3015 660 3072 loco
683 3017 788 3090 inquo
812 3033 871 3072 ossa
894 3016 1008 3072 collecta
1030 3025 1095 3072 sunt
1115 3016 1214 3079 Dirces,

133 3109 254 3156 emanat.
340 3101 485 3174 Antiopam
510 3117 681 3156 verrucosam
705 3102 812 3156 Persius
835 3101 913 3165 dixit,
937 3117 1006 3175 quae
1028 3101 1099 3173 apud
1122 3101 1217 3157 biroen

139 3183 247 3241 servitio
277 3201 406 3259 oppressa
435 3187 463 3240 in
491 3185 617 3280 squalore
644 3185 705 3242 luit.
749 3186 787 3240 sic
816 3178 1032 3259 [Pacuviustl‘
1040 3185 1129 3242 illuvie
1151 3202 1216 3242 cor-

139 3269 214 3342 poris
237 3269 263 3324 dt
285 3286 361 3326 coma
382 3271 512 3343 promissa
535 3271 636 3344 impexa
658 3270 858 3343 conglomerata
880 3280 960 3345 atque
975 3257 1109 3326 horrida’.
1152 3287 1216 3327 ver-

139 3370 222 3412 rucae
242 3353 357 3427 papulae
378 3356 536 3412 eminentes.
646 3358 684 3414 80
709 3364 816 3428 sartago
845 3357 1002 3448 metaphora
1024 3372 1074 3429 pro
1097 3354 1217 3428 garruli-

141 3439 201 3495 tatis
223 3440 320 3495 ardore
343 3448 370 3494 et
391 3449 502 3512 argutae
523 3441 581 3496 sine
608 3457 706 3503 sensu,
738 3440 822 3514 qualis
846 3450 886 3496 est
914 3439 1043 3514 strepitus
1065 3439 1215 3512 sartaginis.

227 3525 266 3583 82
291 3523 446 3580 Trossulum
481 3526 607 3598 oppidum
638 3524 687 3580 init
709 3525 829 3581 Etruriae
858 3542 914 3581 non
943 3525 1023 3596 longe
1044 3541 1059 3580 a
1081 3524 1215 3581 Volsiniis.

139 3607 193 3664 boc
214 3610 317 3683 equites
339 3609 450 3665 Romani
481 3610 538 3666 sine
570 3609 704 3682 peditibus
733 3619 955 3683 expugnaverunt
975 3610 1070 3668 Nomio
1099 3611 1216 3682 quodam

141 3691 217 3749 duce.
260 3695 332 3750 unde
361 3694 464 3767 equites
485 3695 597 3750 Romani
626 3693 735 3750 trossuli
765 3695 828 3750 dicti
856 3705 928 3752 sunt.
973 3702 1019 3750 aut
1040 3695 1124 3750 torosi
1146 3694 1215 3749 adu-

138 3776 281 3835 lescentes.
325 3779 460 3835 trossulus
483 3778 508 3835 id
530 3788 570 3835 est
592 3778 679 3834 brevis
709 3789 735 3836 et
757 3789 912 3852 compactae
935 3790 1054 3836 naturae.
1139 3778 1214 3843 levis,

228 3960 259 4010 76
277 3960 341 4011 accii
359 3960 383 4010 P
450 3963 480 4012 81
500 3961 563 4012 istut
580 3959 687 4011 Pistud
702 3977 733 4025 p:
753 3959 820 4012 istuc
839 3966 862 4010 α
