2792 4444
125 51 237 215 Ὕη
269 25 474 143 embol!
458 31 630 140 Lemo«)
650 29 775 116 lqtlv
768 27 864 188 daal!
894 13 997 144 gata*
1032 4 1103 98 lew
1138 20 1300 93 sst‘ffl

768 76 970 218 &bomem
1005 123 1156 208 walam
1177 127 1341 272 W
1244 133 1369 198 W*

599 215 732 270 sorvita
749 217 770 269 Π

149 384 219 464 quid
241 385 320 447 iuvat
341 387 408 462 boc,
430 387 547 468 templis
570 396 690 450 nostros
711 389 868 450 immittere
889 408 989 452 mores

150 477 179 530 et
200 469 279 531 bona
301 471 346 533 dis
367 491 403 534 cx
424 473 479 534 hac
500 473 638 534 scelerata
662 475 770 535 ducere
792 473 904 554 pidpa‘l

147 555 221 616 hacc
244 556 299 616 sibi
322 568 463 637 corrupto
486 559 594 620 casiam
615 559 745 621 dissolvit
766 560 841 620 olivo

149 649 179 701 et
200 640 354 702 Calabrum
378 643 456 704 coxit
476 644 576 704 vitiato
598 645 712 706 murice
733 645 835 718 vellus,

48 691 316 901 pydnam
243 725 346 787 bacam
370 729 502 789 conchae
525 727 629 790 rasisse
653 737 682 790 et
703 730 848 808 stringere
870 747 960 790 venas

148 791 316 872 lcrventis
310 831 423 874 massae
445 814 538 874 crudo
560 814 596 875 de
618 815 738 893 pulvere
760 815 853 877 iussit.

148 903 252 974 peccat
274 898 406 970 ethaeo,
429 899 632 996 peccatricia
655 907 753 960 omen
777 899 879 961 utitur.
923 906 1025 958 atros

34 982 40 988 ’
147 980 246 1055 dicito,
268 983 465 1061 pontifices,'
456 1003 488 1044 in
511 991 615 1045 sancto
637 985 708 1063 quid
731 985 801 1045 lacit
822 980 950 1044 aurum?

148 1177 265 1234 minibus
280 1189 374 1238 natura
390 1180 502 1237 inditum
517 1189 545 1237 et
559 1181 761 1256 intelligentiam
778 1198 917 1251 summam,
940 1180 1097 1253 animosque
1112 1185 1221 1236 nostros

149 1263 260 1338 originis
283 1265 413 1322 divinae
407 1282 574 1323 immemores
595 1265 680 1324 iactos
710 1279 738 1325 et
759 1284 834 1324 more
856 1265 989 1340 pecudum
1010 1266 1122 1322 humum
1143 1281 1221 1339 spec·

149 1356 247 1406 tantes.
276 1358 307 1406 ut
328 1350 460 1408 Salustius
487 1351 524 1407 ait
553 1350 627 1426 [Cot.
653 1343 717 1427 1]‘
721 1369 789 1426 quae
810 1361 904 1409 natura
925 1367 1012 1427 prona
1034 1358 1115 1423 atque
1135 1348 1223 1405 ventri

44 1456 46 1461 s
149 1431 318 1491 oboedientia
339 1423 434 1492 finxit'.
536 1438 574 1494 62
599 1438 662 1511 quid
690 1439 818 1513 prodest,
841 1447 871 1494 ut
895 1437 1033 1494 credamus
1056 1435 1120 1491 deos
1143 1435 1222 1508 cupi-

149 1517 229 1574 ditate
251 1519 338 1594 aliqua
366 1520 406 1577 vel
435 1520 580 1579 ambitione
609 1523 680 1580 sicut
708 1523 829 1580 homines
857 1518 952 1596 tangil
985 1529 1017 1577 ut
1045 1536 1077 1576 ex
1104 1519 1221 1574 humano

149 1619 264 1677 corpore
294 1606 433 1662 credamus
463 1607 526 1663 deos
554 1607 659 1664 luxuria
687 1608 727 1665 vel
755 1625 854 1683 pompa
882 1605 936 1664 ant'
956 1603 1145 1661 ambitionibus
1174 1604 1223 1661 de-

147 1687 241 1745 lectari
274 1691 423 1748 carnalibus
453 1701 480 1749 et
511 1690 663 1749 felicitatem
696 1694 807 1750 deornm
839 1693 866 1748 in
898 1707 965 1748 auro
995 1690 1109 1765 positam
1141 1687 1221 1746 esset

236 1775 276 1832 63
300 1775 384 1851 pulpa
400 1786 440 1832 est
456 1793 517 1832 caro
533 1777 590 1834 sine
604 1778 777 1851 pinguedine,
800 1778 868 1834 dicta
884 1776 958 1850 quod
972 1775 1093 1851 palpitet.
1157 1775 1224 1831 baec

150 1857 241 1914 eadem
270 1859 352 1934 pulpa
378 1861 405 1916 id
435 1869 477 1916 est
504 1861 557 1916 boc
585 1877 684 1936 corpus
713 1871 836 1918 nostrum
858 1863 975 1918 omnium
997 1861 1124 1917 vitiorum
1145 1876 1224 1916 causa

152 1949 202 1998 est.
226 1943 300 2017 quod
322 1945 465 2001 detractive
487 1944 646 2002 sceleratum
668 1946 816 2021 appellavit.
948 1948 986 2004 64
1010 1946 1122 2018 casiam,
1144 1961 1224 2019 quam

150 2026 271 2084 interra
294 2029 390 2087 orienti
411 2029 532 2104 proxima
559 2031 680 2088 homines
711 2040 768 2088 toto
798 2047 912 2106 corpore
941 2037 1085 2100 contecto,
1114 2029 1227 2103 paulum

155 2111 239 2168 oculis
261 2114 359 2172 relictis
381 2115 487 2171 intectis
513 2115 545 2172 ad
566 2115 651 2172 visum
669 2125 782 2192 propter
802 2115 999 2173 multitudinem
1014 2114 1100 2170 avium
1115 2113 1227 2170 infesta-

152 2214 213 2253 rum
236 2216 305 2272 quae
326 2210 393 2257 sunt
413 2201 632 2274 vespertilionum
654 2203 769 2275 similes,
798 2219 830 2259 ex
852 2201 952 2257 lacibus
975 2198 1106 2294 colligunt
1134 2199 1228 2254 colan-

152 2290 193 2339 tes
222 2298 349 2356 aqnarum
378 2285 575 2358 superficiem'
568 2304 596 2341 m
617 2286 673 2343 limi
694 2288 814 2344 modum.
846 2287 912 2342 baec
945 2285 1014 2341 casia
1046 2283 1117 2340 olivo
1146 2284 1228 2340 mixta

153 2375 324 2439 unguentum
345 2367 416 2424 lacit.
504 2370 573 2426 casia
594 2370 676 2426 herba
698 2373 739 2427 vel
764 2371 894 2446 pigmenti
922 2387 1024 2470 gepus,
1055 2386 1109 2464 quo
1138 2370 1228 2426 oleum

152 2451 266 2508 meliore
288 2453 371 2509 odore
392 2451 518 2510 inficitur
606 2462 637 2510 ut
651 2455 730 2528 Verg.
754 2454 790 2529 [q.
814 2458 843 2526 2,
865 2445 968 2528 466]‘
972 2470 1022 2509 nec
1044 2455 1113 2509 casia
1133 2453 1229 2528 liquidi

154 2537 337 2612 corrumpitur
359 2555 425 2594 usus
448 2525 537 2594 olivi³.
646 2541 683 2598 65
708 2539 822 2613 Apulam
849 2538 937 2595 lanam
966 2537 1107 2612 conchylio
1134 2537 1227 2594 inlicit.

152 2622 236 2678 ideo
229 2639 256 2677 ιιι
273 2623 379 2696 Apulia,
402 2624 475 2696 quod
497 2621 535 2678 ibi
557 2640 620 2680 oves
635 2623 779 2699 plurimum
796 2631 953 2682 nascuntur.
1039 2621 1126 2678 vellus
1138 2631 1228 2678 autem

153 2707 189 2763 ob
210 2706 263 2764 hoc
286 2707 402 2780 dictum,
433 2709 506 2782 quod
534 2708 621 2782 primo
650 2710 726 2766 lanae
755 2710 934 2779 vellerentur,
960 2723 1016 2764 non
1038 2707 1227 2764 tonderentur.

240 2794 278 2850 66
302 2794 397 2850 radere
417 2795 573 2866 margaritas
596 2795 628 2852 de
652 2794 760 2851 conchis
788 2795 906 2851 marinis.
950 2793 1064 2850 uniones
1087 2794 1157 2849 enim
1179 2809 1227 2848 na·

153 2887 268 2933 scuntur
289 2878 316 2933 in
339 2879 458 2951 conchis,
480 2895 530 2952 pro
553 2879 650 2953 quibus
673 2879 751 2936 bacas
753 2881 873 2978 posuit,
894 2888 925 2935 ut
939 2879 1064 2935 Horatius
1088 2875 1180 2952 [epod.
1193 2880 1227 2951 8,

156 2951 238 3036 13]ε
242 2980 310 3036 quae
331 2963 537 3021 rutundioribns
561 2974 656 3021 onusta
677 2953 776 3021 bacis’.
876 2967 913 3022 67
938 2962 1007 3019 bene
1029 2963 1141 3019 crudum
1162 2963 1228 3038 pul-

151 3063 242 3103 verem
253 3048 325 3120 dicit,
341 3049 402 3123 quia
419 3049 546 3122 coquitur
560 3058 591 3105 ut
605 3049 742 3106 metallum
755 3048 811 3121 fiat,
828 3047 934 3106 etbene
945 3047 1088 3121 stringere,
1104 3049 1166 3121 quia
1177 3064 1228 3104 co-

157 3132 264 3203 quendo
287 3133 444 3207 redigitur
437 3151 465 3189 ιιι
487 3151 610 3190 massam.
711 3136 750 3212 68
774 3135 839 3190 baec
859 3132 980 3190 iaciendo
1006 3133 1158 3206 integritate
1179 3149 1229 3188 sua

153 3230 244 3272 mores
272 3215 380 3274 humani
408 3218 541 3276 vacillant.
571 3219 597 3274 in
623 3236 677 3293 quo
701 3228 788 3276 tamen
812 3219 920 3275 crimine
944 3235 1089 3292 possumus
1110 3218 1229 3280 homini-

152 3299 204 3357 bus
226 3299 366 3374 ignoscere
389 3303 426 3359 eis
448 3304 494 3378 qui
516 3304 740 3378 concupiscentiis
761 3312 886 3360 utuntur.
993 3303 1112 3377 quamvis
1134 3309 1228 3376 peccat

153 3403 319 3461 supervacua
348 3389 525 3462 reperiendo,
560 3387 640 3445 habet
668 3397 756 3446 tamen
785 3389 900 3463 aliquem
928 3405 1006 3444 nsum
1033 3387 1224 3461 appetitorum.

241 3473 279 3530 69
304 3471 351 3529 diis
373 3481 428 3529 tam
450 3483 514 3530 sont
536 3491 601 3549 opes
617 3491 797 3548 supervacuae
812 3491 892 3548 quam
909 3472 1003 3529 Veneri
1017 3488 1134 3545 puppae‚
1159 3487 1226 3546 quas

152 3556 269 3630 virgines
291 3556 425 3615 nubentes
447 3559 557 3616 donant.
601 3559 725 3616 solebant
746 3560 815 3616 enim
837 3558 952 3632 virgines
974 3564 1117 3630 antequam
1139 3557 1229 3614 nube-

152 3650 214 3698 rent
241 3645 371 3718 quaedam
400 3643 558 3718 virginitatis
587 3661 651 3700 suae
680 3645 751 3701 dona
779 3643 873 3701 Veneri
903 3658 1070 3699 consecrare.
1119 3642 1172 3698 hoc
1201 3648 1229 3698 et

240 3832 272 3883 δι
292 3831 378 3896 hos&
447 3833 479 3884 63
497 3847 529 3884 ex
547 3847 597 3886 om.
617 3839 641 3882 α
710 3835 742 3886 66
761 3831 793 3884 Et
810 3833 843 3882 P:
862 3829 929 3881 llaec
948 3836 972 3880 α
1052 3833 1085 3884 66
1103 3831 1233 3884 uacamP

240 3900 271 3951 ot
290 3900 383 3951 missae
402 3906 426 3950 α
496 3903 528 3954 68
545 3898 719 3953 Peccaclbaec
738 3907 761 3951 α
841 3900 873 3951 69
891 3897 917 3949 in
935 3899 1032 3950 sanctis
1052 3899 1228 3964 lampridius

149 3968 210 4018 utta
226 3967 306 4019 Alam.
323 3967 417 4019 Saotero·
433 3967 467 4019 44
