2792 4444
152 182 192 242 70
639 182 814 238 tvvbuntts

150 365 238 435 atque
262 354 466 434 triumphales,
488 353 566 415 inter
588 372 661 433 quas
684 372 771 416 ausus
794 354 903 417 habere

149 441 251 502 nescio
274 440 340 519 quis
362 440 463 500 titulos
485 439 645 519 Aegyptius
667 447 757 517 atquc
780 439 971 514 Arabarches,
1183 456 1226 508 rso

149 527 234 587 cuius
257 527 292 586 ad
316 525 443 604 effigiem
466 543 527 584 non
550 534 666 586 tantum
687 525 799 585 meiere
822 526 865 586 las
887 534 940 588 est.

148 607 300 672 vestibulis
322 609 434 670 abeunt
455 616 569 670 veteres
590 609 719 688 lassique
741 610 865 672 clientes

150 703 276 774 votaque
299 695 465 774 deponunt,
488 711 666 773 quamquam
688 694 860 774 longissima
883 712 974 757 conae

148 800 217 861 spes
240 779 370 854 homini;
394 779 485 840 caulis
507 779 622 842 miseris
644 789 733 858 atque
755 779 833 860 ignis
854 781 1008 846 emendus.

147 866 256 946 optima
279 865 416 927 silvarum
440 865 552 925 interea
574 865 730 944 pelagique
753 863 868 926 vorabit
1181 879 1223 930 135

146 969 199 1011 rer
221 952 327 1012 horum
350 949 508 1028 vacuisque
530 951 603 1011 toris
627 957 742 1011 tantum
765 951 829 1030 ipse
851 949 968 1011 iacebit.

147 1054 216 1096 nam
239 1037 275 1096 do
298 1043 343 1095 tot
364 1034 497 1114 pulchris
519 1042 548 1095 et
570 1035 635 1097 latis
658 1035 781 1096 orbibus
805 1043 915 1098 ettam

146 1120 275 1199 antiquis
297 1129 356 1181 una
380 1118 541 1180 comedunt
562 1120 739 1200 patrimonia
763 1123 875 1182 mens'a‘.

146 1205 247 1266 nullus
268 1205 324 1266 iam
347 1204 494 1284 parasitus
516 1204 580 1265 erit.
625 1205 677 1266 sed
701 1205 768 1283 quis
792 1206 865 1266 ierat
887 1204 959 1268 istas

144 1289 277 1351 luxuriae
299 1287 423 1352 sordes?
446 1298 556 1367 quanta
580 1300 623 1370 est
645 1291 712 1369 gula
736 1308 812 1368 quae
835 1289 891 1352 sibi
915 1298 993 1351 totos
1179 1301 1221 1354 110

145 1376 232 1455 ponit
253 1394 350 1455 apros,
373 1374 481 1436 animal
503 1383 626 1454 propter
650 1375 782 1436 convivia
806 1372 931 1436 natum?

146 1479 245 1541 poena
267 1470 364 1521 tamen
388 1478 541 1539 praesens,
564 1478 632 1520 cum
654 1469 685 1520 tu
710 1459 835 1540 deponis
857 1459 982 1520 amictus

146 1547 282 1626 turgidus
306 1555 335 1606 et
356 1545 481 1624 crudum
504 1563 649 1624 pavonem
671 1545 702 1606 in
727 1545 831 1606 balnea
854 1552 964 1625 portas.
1019 1541 1201 1658 incoqui&

145 1626 218 1691 hinc
240 1630 353 1692 subitae
375 1638 487 1690 mortes
511 1638 599 1708 atque
621 1631 758 1692 intestata
780 1639 919 1692 senectus

146 1724 175 1776 et
198 1733 272 1775 nova
296 1734 351 1776 nec
373 1714 467 1776 tristis
489 1733 542 1792 per
564 1724 687 1776 cunctas
708 1715 807 1776 fabula
829 1733 933 1776 cenas:
1180 1724 1221 1776 111

144 1800 263 1860 ducitur
285 1799 367 1860 iratis
389 1800 588 1878 plaudendum
611 1801 701 1862 funus
723 1800 834 1862 amicis.

187 1884 229 1945 nil
252 1885 307 1945 erit
329 1885 453 1945 ulterius
476 1886 554 1963 quod
580 1886 687 1947 nostris
710 1886 844 1948 moribus
866 1885 951 1944 addat

143 1971 311 2049 posteritas,
335 1969 436 2030 eadem
459 1970 569 2031 lacient
591 1970 772 2051 cupientque
796 1970 936 2037 minores,

144 2073 233 2116 omne
257 2055 287 2116 in
311 2054 467 2135 praecipiti
489 2055 591 2116 vitium
614 2057 704 2117 stetit.
750 2067 834 2118 utere
857 2055 936 2129 velis,

144 2148 222 2201 totos
243 2141 340 2219 pande
363 2139 456 2200 sinus.
501 2140 582 2202 dicas
603 2140 651 2202 hic
674 2141 799 2202 forsitan
819 2133 914 2200 ‘unde
1178 2147 1221 2200 110

143 2223 296 2304 ingenium
319 2242 375 2304 par
398 2223 558 2285 materiae‘l
581 2225 660 2285 unde
683 2225 732 2286 illa
755 2224 912 2304 priorum

141 2439 184 2480 me
206 2423 322 2479 servavit
344 2410 462 2497 Apollo'.
595 2425 653 2482 129
677 2424 703 2481 id
727 2432 776 2489 est,
799 2425 855 2480 itur
876 2423 909 2478 ad
931 2431 1028 2487 rostra,
1052 2421 1099 2479 ubi
1121 2421 1219 2478 habere

142 2508 232 2565 solent
253 2507 426 2583 triumphales
449 2517 550 2565 statuas
572 2509 621 2565 viri
642 2509 731 2583 magni
753 2509 808 2565 sive
830 2508 981 2583 quadrigas.
1072 2510 1219 2568 1301111-

141 2592 261 2650 barches.
286 2593 398 2650 Arabiae
419 2595 554 2669 princeps.
688 2597 745 2653 133
776 2595 840 2650 (lum
866 2593 959 2649 divites
983 2591 1056 2649 tarde
1078 2594 1218 2667 recedunt,

142 2677 253 2734 clientes
277 2687 429 2753 expectant.
459 2695 620 2752 quamquam
644 2679 719 2734 tarda
742 2678 776 2735 sit
804 2678 904 2734 homini
934 2694 995 2752 spes
1024 2678 1144 2734 cenandi.
1173 2689 1220 2736 ant

141 2763 163 2818 si
186 2765 245 2837 quis
268 2771 341 2818 corte
363 2779 417 2818 non
440 2763 556 2819 multum
577 2762 674 2820 habeat
695 2763 723 2818 in
746 2764 826 2820 domo
856 2780 904 2819 sna
932 2764 1006 2838 quod
1036 2772 1129 2828 cenet,
1163 2773 1218 2820 tum

141 2863 197 2902 non
219 2848 320 2920 patitur
342 2847 453 2903 divitum
475 2864 579 2904 mensas
602 2859 732 2922 spectare.
824 2851 882 2907 135
906 2848 939 2906 de
960 2849 1111 2906 venatione.
1134 2866 1217 2923 quare

142 2933 274 3006 optimum
297 2941 338 2989 est
360 2933 413 2988 hoc
435 2949 467 2989 111
489 2931 630 2990 allectione
652 2944 679 2991 et
706 2934 805 2990 invidia
834 2933 1023 3007 parasitorum.
1158 2937 1214 2994 138

139 3018 239 3075 mensis
262 3018 366 3084 citreis,
396 3035 462 3092 quas
485 3018 632 3093 antiquitus
654 3019 681 3074 in
703 3036 800 3093 magno
823 3019 910 3092 pretio
939 3017 1082 3075 habebant.
1111 3027 1157 3076 aut
1185 3020 1218 3076 dc

87 3095 98 3112 “
141 3102 232 3159 ebore.
366 3105 422 3161 141
447 3104 520 3178 apud
541 3105 666 3178 antiquos
688 3104 870 3161 munificentia
891 3102 1032 3160 videbatur
1054 3105 1216 3180 apparatior,

142 3187 213 3243 siin
236 3189 358 3244 convivio
382 3189 519 3245 cuiusdam
541 3207 604 3263 aper
626 3189 732 3264 integer
760 3190 855 3245 luisset
881 3187 1024 3245 exhibitus.
1158 3191 1216 3248 142

139 3289 255 3348 poenam
273 3273 341 3330 ‚dicit
362 3275 434 3346 qnod
458 3274 532 3330 solus
554 3277 695 3341 voraverit,
719 3276 792 3350 quod
814 3272 904 3330 multis
927 3273 1053 3330 sulficere
1073 3275 1215 3348 potuisset.

229 3361 288 3417 144
310 3359 337 3415 id
353 3367 393 3415 est
407 3369 532 3416 mortuus
548 3368 590 3416 cst
602 3361 799 3418 manducando.
905 3361 962 3417 146
978 3358 1116 3424 insultant,
1142 3358 1215 3432 quod

140 3443 174 3500 de
200 3445 378 3518 indigestione
406 3445 441 3501 sit
468 3453 592 3501 mortuus
620 3445 769 3502 intestatus.
799 3445 831 3500 de
857 3444 933 3500 cuius
961 3451 1120 3500 testamento
1151 3441 1215 3498 nihil

140 3531 278 3586 consecuti
293 3539 366 3587 sunt.
456 3532 514 3588 149
531 3529 605 3587 velis.
621 3530 744 3587 dictionis
760 3531 832 3593 dicit,
847 3528 901 3586 hoc
916 3537 957 3586 est
970 3537 1076 3584 saturae
1090 3526 1214 3584 scriben-

140 3612 198 3669 dae.
289 3618 344 3672 151
370 3614 465 3672 Lucilli
486 3623 513 3672 et
534 3625 695 3673 ceterorum.

227 3803 275 3854 131
294 3817 414 3868 mengere
432 3806 456 3854 P
471 3819 572 3870 megere
588 3821 608 3871 p
628 3806 721 3857 meiere
739 3813 770 3856 tu
788 3807 942 3857 Priscianus
959 3803 1094 3870 Eutyches
1165 3804 1213 3856 143

140 3868 233 3920 crudus
252 3871 284 3921 1³:
304 3871 408 3922 crudum
425 3888 443 3937 p
463 3873 564 3923 Phocus
586 3874 667 3924 schol.
686 3875 760 3924 Persi
865 3872 1052 3926 144111111111
1071 3871 1213 3923 Muduieus

226 3939 274 3989 143
293 3938 368 3989 stetis
386 3943 417 3988 111
434 3941 545 3991 uidetur
565 3941 629 4006 Ppr.
701 3944 749 3994 150
768 3941 838 3992 dices
855 3944 922 4006 Ppr.
