2792 4444
80 527 138 624 p

171 180 212 241 34
657 180 763 236 PEliSll

165 353 330 458 quaesieris
349 347 463 416 ‘nostin
487 353 593 416 Vettidi
615 343 784 432 praedial’:
804 341 938 415 ‘cuiusl’

165 432 259 501 ‘dives
280 446 344 500 arat
366 439 492 502 Curibus
515 448 659 518 qnantum
683 457 743 500 non
768 438 876 499 miluus
898 427 995 500 errat.³

165 516 261 586 ‘hunc
283 525 334 598 ais,
357 526 439 586 bunc
460 524 504 586 dis
526 525 609 586 iratis
631 524 781 604 genioque
803 523 934 598 sinistro,

28 595 81 672 111
91 639 145 712 e‘
168 609 228 688 qui,
252 609 462 689 quandoque
454 627 556 689 rugum
579 619 700 689 pertusa
721 610 757 670 ad
782 609 909 689 compita
932 609 1005 687 figit,

26 684 105 850 prs
168 694 293 756 seriolae
316 703 444 756 veterem
468 692 769 796 metnepsnersdere
791 694 907 768 limum,

26 777 147 954 {pel

143 779 293 858 ingemit
310 772 393 841 “hoc
416 778 494 841 bene
515 770 575 842 sit'’
601 780 765 841 tunicatum
790 797 858 840 cum
881 778 941 840 sale
963 779 1103 841 mordens
1216 789 1247 842 11

168 882 267 945 caepe,
291 871 320 925 ct
341 865 450 926 farrata
471 865 573 945 pueris
594 849 806 961 pla'udentibus
828 864 885 925 olla

23 901 127 1094 AB&
167 966 334 1047 pannosam
357 950 469 1011 faecem
491 949 646 1038 mouentis
668 949 771 1011 sorbet
792 938 903 1010 acetil'

23 1123 69 1266 p

72 1075 117 1180 tl

166 1042 195 1094 at
217 1035 242 1095 si
265 1043 374 1096 unctus
396 1053 494 1096 cesses
517 1043 547 1097 ct
569 1036 670 1114 ligas
662 1054 693 1096 m
716 1042 786 1096 cute
808 1033 910 1112 solem,

165 1222 234 1279 quac
263 1213 325 1264 autc
353 1215 449 1281 pectus
479 1215 535 1273 est,
565 1206 650 1264 aliena
678 1207 754 1272 vitia,
777 1207 803 1262 io
828 1223 944 1264 cavero
966 1224 1035 1281 qnae
1057 1223 1072 1264 1
1095 1217 1171 1281 largo
1194 1215 1244 1271 cst,

165 1299 267 1348 nosue.
291 1308 379 1366 eoque
407 1291 494 1349 evenit
522 1299 553 1349 ut
581 1291 666 1350 aliena
695 1292 788 1366 potius
816 1291 913 1349 delicta
934 1308 1015 1366 quam
1036 1292 1146 1367 propria
1168 1291 1245 1349 vidc-

163 1391 249 1433 amus.
329 1377 450 1452 Zopyrus
465 1376 640 1453 physiologos
655 1377 688 1435 tle
702 1377 778 1434 vultu
800 1376 938 1434 bominum
961 1393 1049 1435 mores
1071 1377 1244 1452 agnoscebat.

164 1462 209 1536 qni
232 1462 348 1518 eumad
370 1461 509 1519 Socratem
531 1462 642 1527 11111111,
665 1463 702 1520 111
724 1462 748 1520 ei
763 1455 939 1520 ‘libidinosos
961 1457 1010 1524 es’.
1054 1471 1082 1520 at
1103 1462 1177 1519 illum
1199 1462 1243 1517 in-

162 1547 237 1603 iuriis
260 1545 382 1621 discipuli
404 1545 511 1604 afficere
532 1547 685 1611 voluerunt,
709 1547 784 1620 qnod
806 1547 839 1604 de
860 1547 990 1622 magistro
1006 1564 1099 1605 eorum
1115 1547 1244 1604 iniuriose

161 1630 270 1688 locutus
298 1631 342 1690 sit.
386 1639 452 1690 tuuc
479 1631 525 1688 ille
553 1632 589 1690 ait
610 1625 743 1705 ‘parcite,
773 1648 834 1690 sum
862 1633 971 1708 quidem
998 1632 1166 1698 libidinosus,
1196 1632 1244 1688 sed

162 1733 251 1778 meum
275 1726 316 1774 est
337 1716 422 1790 ipsam
443 1715 578 1774 libidinem
601 1711 727 1774 vincere'.
815 1718 854 1776 25
878 1717 1010 1776 Vetilium
1032 1719 1165 1793 quendam
1180 1716 1244 1774 dicit

161 1801 189 1857 in
212 1799 316 1858 Sabinis
342 1801 524 1877 possidentem
553 1802 660 1876 praedia
686 1818 741 1858 non
764 1817 859 1877 pauca.
948 1805 987 1862 26
1011 1802 1139 1868 Curibus,
1169 1802 1242 1877 quod

162 1902 260 1944 nomen
282 1886 337 1944 loci
358 1896 414 1952 est,
438 1886 512 1944 unde
534 1896 562 1944 et
583 1888 650 1945 luno
673 1886 769 1946 Curitis
791 1887 903 1952 dicitur,
931 1887 993 1962 quia
1015 1888 1053 1948 ibi
1074 1888 1244 1946 veliementer

161 1971 269 2030 colitur.
335 1972 388 2030 dici
408 1971 479 2029 solet
500 1973 648 2030 secundnm
678 1972 852 2048 proverbium
866 1966 1017 2047 ‘quantum
1037 1973 1111 2030 milvi
1133 1966 1243 2030 rolant'.

160 2057 264 2116 inducit
284 2075 350 2132 ergo
373 2075 421 2132 per
445 2057 576 2114 Vetilium
599 2057 648 2114 diis
669 2057 744 2114 iratis
766 2065 794 2114 et
808 2057 878 2114 malo
900 2058 980 2132 genio
1003 2066 1089 2123 natos,
1112 2058 1159 2131 qni
1181 2073 1244 2114 cum

162 2143 255 2200 divites
283 2142 351 2207 siut,
382 2142 505 2200 esuriunt
533 2151 560 2199 et
581 2141 636 2200 sale
658 2149 685 2200 et
707 2158 788 2216 caepe
816 2151 963 2200 vescuntur
984 2152 1011 2200 et
1032 2158 1140 2217 poscam
1163 2142 1243 2199 etiam

160 2227 188 2284 in
215 2226 345 2285 sacrificio
372 2225 471 2293 libant,
502 2225 565 2283 dum
591 2243 648 2284 non
676 2226 759 2284 velint
786 2225 886 2284 dolium
908 2229 962 2285 vini
984 2244 1112 2285 reserare.

247 2313 287 2372 28
311 2312 428 2386 compita
456 2320 521 2370 sunt
548 2311 605 2370 loca
632 2312 661 2368 in
689 2311 832 2387 quadriviis
862 2314 939 2388 quasi
968 2323 1066 2378 turres,
1089 2312 1136 2369 ubi
1157 2311 1243 2370 sacri-

160 2395 219 2454 ficia
242 2396 502 2472 linitaagricultura
523 2398 617 2456 rustici
638 2396 819 2456 celebrabant.
864 2397 959 2456 merito
974 2407 1092 2473 pertusa,
1117 2397 1180 2472 quia
1194 2413 1243 2471 per

159 2499 252 2540 omncs
279 2491 409 2558 quattuor
435 2492 525 2559 partes
551 2491 670 2556 pateant.
701 2482 742 2540 vel
771 2491 885 2542 vetusta.
919 2491 966 2540 aut
994 2485 1109 2558 compita
1132 2481 1242 2557 proprie

158 2586 173 2624 a
195 2569 375 2643 computando
404 2568 433 2625 id
461 2576 503 2626 est
529 2568 608 2625 simul
638 2567 771 2632 bibendo,
798 2578 910 2642 pertusa
930 2576 1029 2634 autem,
1053 2569 1115 2644 quia
1135 2567 1241 2642 pervius

158 2655 288 2711 transitus
316 2663 357 2710 est
386 2662 413 2710 et
434 2652 497 2708 viris
520 2661 547 2710 et
570 2652 686 2709 leminis.
729 2651 773 2708 vel
795 2653 942 2727 compitum
963 2663 1005 2710 est
1027 2669 1083 2712 nou
1105 2654 1192 2710 solum
1214 2653 1241 2710 iu

158 2738 227 2796 urbe
255 2737 331 2794 locus
362 2737 389 2793 in
412 2753 491 2811 quem
514 2735 635 2812 plurimis
657 2737 706 2792 viis
727 2737 790 2802 itur,
819 2738 966 2796 sedetiam
989 2737 1045 2795 viae
1066 2737 1191 2812 publicae
1211 2752 1243 2793 ac

159 2820 314 2882 deverticuli
343 2821 447 2896 aliquot
475 2821 639 2888 confinium,
669 2821 716 2880 nbi
738 2821 872 2881 aediculae
895 2834 1088 2882 consecrantur
1110 2830 1242 2898 patentes.

158 2908 218 2968 ideo
240 2917 351 2984 pertusa
372 2909 406 2964 arl
431 2907 555 2982 compita.
599 2908 627 2964 in
648 2908 689 2964 his
712 2906 796 2965 lracta
818 2909 879 2982 iuga
902 2907 935 2964 ab
957 2908 1082 2984 agricolis
1100 2914 1242 2983 ponuntur

157 2994 233 3052 velut
252 2994 356 3052 emeriti
378 3002 405 3052 ct
427 2993 555 3050 elaborati
578 2993 667 3068 operis
694 2992 830 3057 iudicium.
860 2992 916 3050 sive
937 2993 1011 3067 quod
1035 3010 1115 3050 omne
1136 2993 1241 3050 instru-

156 3088 277 3138 mentum
308 3079 459 3136 existiment
482 3095 597 3136 sacrum.
644 3078 683 3135 vel
706 3077 823 3153 compita
845 3078 986 3142 dicuntur,
1016 3079 1141 3154 adquae
1163 3076 1240 3152 plura

157 3165 252 3222 itinera
276 3173 442 3238 competunt
573 3165 612 3223 29
635 3163 733 3222 seriola
759 3173 800 3220 est
822 3179 947 3221 orcarum
970 3163 1036 3220 ordo
1060 3164 1176 3222 directus
1199 3161 1240 3218 vel

158 3267 202 3306 vas
225 3249 307 3307 fictile
329 3249 390 3306 vini.
522 3251 560 3308 30
584 3249 741 3313 tunicarum,
765 3247 855 3306 multis
877 3247 956 3306 coriis
977 3257 1132 3324 purgatum.
1245 3251 1248 3257 “

243 3338 280 3397 31
306 3335 384 3410 pueri
413 3335 501 3410 pultes
523 3343 621 3392 amant.
710 3333 837 3394 1111111
863 3333 977 3390 auxesis.
1021 3350 1077 3391 non
1098 3332 1163 3391 boni
1186 3332 1240 3388 viui

156 3429 199 3478 set
221 3421 248 3476 in
272 3431 348 3478 aceto
372 3420 518 3478 morientis.
563 3435 643 3493 saepe
665 3418 734 3476 enim
757 3418 879 3476 videmus
900 3427 932 3476 nt
953 3426 1129 3478 evanescente
1144 3433 1240 3494 sapore

156 3512 362 3580 corrumpatur.
407 3505 482 3580 quod
505 3503 585 3579 vulgo
607 3520 693 3579 vappa
715 3503 820 3562 dicitur

245 3669 278 3722 25
296 3666 429 3728 Quaesieri
449 3683 508 3719 cnm
526 3682 539 3719 s
557 3684 638 3734 super
656 3667 760 3719 adiecta
778 3666 803 3717 P
819 3665 946 3727 Quesierit
965 3675 989 3719 α
1095 3665 1187 3720 uettidi
1204 3665 1237 3717 P:

156 3734 262 3788 uettidis
278 3751 297 3801 p
315 3735 405 3788 uictidi
424 3742 448 3786 α
535 3737 680 3790 2111111111
705 3739 759 3787 erat
784 3743 807 3787 α
833 3735 927 3788 miluus
955 3735 1057 3789 oberret
1075 3733 1240 3799 florilegium

154 3805 333 3869 Frisingems
350 3807 426 3865 (anus
445 3805 519 3856 111111.
537 3805 613 3871 4311.
631 3804 693 3867 ,1021
797 3805 829 3856 29
849 3804 986 3857 celerina
1086 3806 1118 3855 30
1136 3801 1239 3854 mordes

154 3874 224 3938 l’pr.
293 3873 325 3925 31
346 3871 437 3935 1111111
454 3874 488 3923 P:
508 3821 638 3925 1111111111
657 3879 681 3924 α
752 3870 954 3924 ο111Ρ11111ιιι
973 3878 997 3922 α
1079 3873 1111 3924 33
1131 3872 1153 3922 Α
1172 3870 1237 3922 sia

241 3939 319 4005 trigas
331 3946 355 3991 α
374 3931 478 4006 11111111
