2804 4442
163 182 202 240 96
612 180 785 235 lVVENllLlS

164 358 256 436 qualis
279 366 351 417 tunc
373 357 476 433 epulas
498 356 595 435 ipsum
618 356 752 434 gluttisse
775 366 913 435 putamus

166 442 417 521 induperatorem,
441 460 507 501 cum
530 450 574 501 tot
596 442 739 514 sestertia,
763 451 877 521 partem

165 527 299 605 exiguam
323 537 353 586 et
374 527 507 587 modicae
529 535 675 605 sumptam
699 527 735 586 de
757 528 892 604 margine
914 544 1014 601 cenae,
1209 537 1239 586 30

166 631 335 692 purpureus
357 612 456 690 magni
479 611 601 672 ructarit
622 629 723 672 scurra
745 611 846 686 Palati,

165 697 220 757 iam
244 697 384 775 princeps
406 696 548 775 equitum,
571 713 678 774 magna
701 697 752 775 qui
773 716 845 758 voce
867 696 980 758 solebat

165 783 293 843 vendere
317 782 482 860 municipes
504 782 596 841 fracta
619 781 655 841 de
677 798 776 841 merce
798 783 914 843 siluros.

166 867 274 946 incipe,
298 867 437 945 Calliope.
482 866 551 926 licet
573 866 621 926 hic
643 865 808 941 considere,
832 885 892 927 non
916 877 961 928 est

167 952 357 1026 cantandum,
380 970 428 1012 res
450 969 518 1011 vera
540 951 645 1030 agitur.
690 961 817 1024 narrate,
839 953 955 1031 puellae

167 1037 307 1098 Pierides.
351 1037 445 1116 prosit
467 1035 538 1096 mihi
559 1054 611 1096 vos
633 1035 741 1097 dixisse
762 1037 884 1115 puellas.

210 1142 278 1183 cum
301 1123 359 1182 iarn
381 1121 588 1182 semianimum
611 1121 756 1181 laceraret
777 1121 893 1182 Flavius
916 1122 1019 1182 orhem

167 1207 287 1268 ultimus
310 1216 340 1266 et
361 1206 442 1266 calvo
464 1205 588 1266 serviret
610 1205 703 1266 Roma
725 1207 847 1280 Neroni,

170 1293 274 1353 incidit
295 1291 411 1352 adriaci
433 1290 559 1370 spatium
582 1290 752 1352 admirabile
775 1291 891 1352 rhombi

170 1387 238 1438 ante
261 1377 379 1437 domum
403 1376 536 1448 Veneris,
560 1393 646 1453 quam
669 1376 775 1437 Ilorica
798 1377 925 1438 sustinet
946 1376 1062 1449 Ancon,
1213 1382 1243 1432 40

170 1462 361 1542 implevitque
383 1461 482 1535 sinus;
505 1480 562 1521 nec
584 1460 663 1520 enim
687 1462 786 1522 minor
807 1461 943 1522 haeserat
964 1459 1021 1522 illis

171 1566 246 1625 quos
270 1548 367 1626 operit
389 1545 497 1623 glacies
518 1544 659 1606 lllaeotica
683 1555 830 1624 ruptaque
853 1545 973 1607 tandem

169 1631 282 1693 solibus
303 1631 428 1692 ellundit
450 1630 592 1691 torrentis
615 1629 650 1689 ad
674 1631 747 1691 ostia
770 1631 856 1691 Ponti

168 1769 232 1826 mihi
253 1767 376 1826 invides‘l
401 1768 496 1842 Apulia
518 1768 605 1825 carius
626 1785 705 1842 agros
727 1756 838 1827 vendit’.
858 1768 900 1826 vel
915 1768 1028 1824 maiores
1041 1765 1129 1841 pisces
1143 1763 1245 1834 vendit,

170 1872 239 1930 quos
263 1863 291 1911 tu
306 1852 512 1930 provincialibus
527 1853 610 1927 gratis
625 1853 767 1912 abstulisti.
855 1856 894 1912 28
910 1862 1032 1927 quantas,
1055 1850 1151 1925 inquit,
1175 1865 1245 1923 epu·

170 1940 209 1996 las
230 1940 356 2014 princeps
378 1939 435 2013 ipse
456 1938 632 2012 consumpsit,
655 1956 716 1996 cum
738 1948 870 1996 extremae
892 1955 1000 1995 mensae
1022 1936 1162 2011 epularum
1185 1951 1246 2007 pars

170 2035 244 2081 tanto
268 2034 412 2082 constaret.
500 2035 527 2080 et
547 2023 634 2097 figura
653 2013 709 2080 ‘tot
729 2025 851 2082 sestertia
873 2032 977 2098 partem
998 2015 1139 2096 exiguam'.

256 2112 296 2168 32
324 2111 450 2183 magister
471 2109 592 2182 equitum
613 2109 795 2165 Romanorum
816 2108 903 2166 lactus
925 2118 967 2166 est
987 2107 1096 2164 scilicet.
1205 2105 1245 2161 33

170 2194 196 2250 id
220 2205 261 2250 est
280 2194 366 2250 fracto
389 2210 452 2249 vaso
475 2194 622 2250 sardarum.
710 2193 829 2250 eiusdem
848 2193 993 2266 municipii,
1016 2193 1088 2248 uude
1101 2192 1167 2264 ipse,
1191 2195 1247 2246 he-

172 2279 289 2354 gyptios.
319 2279 394 2335 siluri
428 2293 489 2334 nam
515 2279 602 2353 pisces
630 2289 695 2335 sunt
723 2278 896 2336 Alexandriae
924 2278 997 2336 uude
1023 2278 1073 2334 luit
1102 2275 1249 2349 Crispinus,

172 2363 271 2421 nullius
294 2365 382 2439 pretii,
405 2381 476 2437 quos
497 2365 592 2438 inopes
614 2365 642 2420 iu
657 2368 780 2438 Aegypto
803 2365 949 2421 venditant.
1037 2365 1077 2421 34
1103 2371 1149 2417 aut
1172 2377 1249 2416 sum-

170 2449 251 2507 misse
273 2451 370 2514 dicere,
393 2459 441 2506 aut
461 2450 580 2524 proprie.
604 2466 647 2506 res
669 2459 764 2506 tenues
787 2450 885 2506 dicere.
973 2450 1012 2506 38
1034 2448 1086 2502 hoc
1101 2444 1250 2503 convicium

172 2536 198 2590 in
221 2536 261 2592 ll.
282 2536 459 2592 Domitianum
482 2534 532 2590 'liti
554 2535 663 2592 fratrem
687 2533 839 2607 Vespasiani
861 2532 944 2590 filium
965 2533 1053 2596 iactat,
1077 2531 1137 2606 quia
1161 2530 1251 2586 calvus

171 2620 233 2677 luit.
339 2630 468 2693 proptera
490 2619 564 2693 quod
585 2617 715 2675 luvenalis
737 2618 788 2674 suh
811 2619 899 2693 specie
921 2618 1032 2674 honoris
1054 2616 1187 2690 relegatus
1210 2624 1252 2672 est

172 2705 204 2760 ad
227 2704 345 2760 cohortis
368 2720 459 2760 curam
481 2704 507 2757 in
524 2709 646 2777 Aegypto
669 2703 765 2769 lloasa‚
788 2703 836 2759 uhi
857 2712 980 2760 mortuus
1003 2710 1053 2758 est.
1140 2701 1200 2755 riam
1223 2708 1251 2756 et

173 2788 319 2845 Suetonius
348 2787 438 2861 [Dran.
466 2784 514 2859 18]
542 2787 626 2844 refert
653 2788 715 2861 quia
742 2787 833 2844 calvus
860 2787 922 2844 luit.
950 2787 1073 2845 ultimum
1100 2802 1164 2842 vero
1189 2785 1249 2841 ideo

174 2872 247 2938 dicit,
271 2873 331 2946 quia
356 2889 417 2928 cum
440 2872 614 2947 Vespasianus
637 2882 664 2930 et
686 2872 760 2929 'litus
782 2883 810 2930 et
831 2872 995 2930 Domitianus
1010 2871 1095 2928 lllavia
1117 2887 1150 2926 ex
1171 2879 1251 2942 gente

172 2957 290 3024 luerint,
313 2958 479 3016 Domitianus
501 2958 610 3016 ultimus
632 2957 739 3016 illorum
762 2969 789 3015 at
810 2958 1000 3016 dissimiffimus
1021 2956 1168 3031 imperavit.
1189 2971 1251 3011 me-

173 3044 250 3100 minit
277 3046 330 3102 hoc
358 3043 478 3102 Valerius
505 3044 632 3102 Martialis
659 3044 687 3100 in
721 3044 911 3118 epigrammate
938 3043 980 3101 his
1007 3042 1127 3099 versibus
1156 3039 1249 3097 linito:

170 3118 271 3184 ‘Flavia
299 3146 381 3202 gens,
411 3140 542 3203 quantum
569 3129 617 3187 tihi
646 3129 742 3186 tertius
764 3129 875 3186 ahstulit
895 3130 983 3186 heres.
1006 3144 1091 3203 paene
1113 3125 1164 3183 luit
1184 3125 1252 3182 tanti

174 3229 231 3270 non
253 3213 379 3271 hahuisse
401 3201 488 3272 duos.
575 3217 613 3272 40
637 3225 700 3272 ante
714 3215 852 3288 templum.
940 3230 1037 3288 graeca
1051 3212 1149 3277 civitas,
1173 3227 1252 3285 quam

174 3299 268 3357 Graeci
295 3301 322 3355 in
344 3299 417 3356 ltalia
446 3299 635 3357 condiderunt.
662 3300 722 3356 ideo
744 3300 847 3357 Dorica.
935 3302 972 3357 41
998 3298 1144 3372 implevitq.
1167 3297 1254 3353 sinus.

173 3386 250 3442 retia.
273 3385 398 3460 Virgilius
421 3384 500 3460 [Aen.
526 3387 573 3449 10,
599 3383 671 3458 819]
690 3375 875 3459 ‘implevitque
896 3385 971 3442 sinus
993 3369 1125 3457 sanguis'.
1211 3381 1252 3439 42

175 3470 237 3542 quia
267 3473 314 3546 qui
339 3473 368 3529 in
389 3472 478 3528 Ponto
502 3481 529 3527 et
549 3469 659 3526 llaeotia
682 3470 778 3544 palude
801 3470 944 3544 capiuntur
965 3469 1061 3544 pisces,
1084 3469 1204 3524 inmanes
1226 3476 1255 3522 et

176 3553 290 3627 pingues
313 3575 345 3614 ex
366 3558 423 3630 ipsa
447 3556 578 3620 tarditate,
602 3555 728 3630 quoniam
752 3557 859 3630 quando
883 3555 962 3630 gelat,
985 3555 1012 3610 iu
1035 3553 1118 3628 glacie
1133 3552 1254 3609 haerent.

177 3637 308 3696 Salustius
331 3643 374 3697 ita·
385 3631 453 3716 ‘qua
476 3650 634 3715 tempestate
656 3641 768 3714 piscium
782 3641 820 3695 vis
834 3641 923 3697 Ponto
940 3626 1050 3714 crupit'.
1136 3640 1176 3696 43
1192 3646 1256 3693 tor—

176 3724 270 3780 rentis.
294 3725 461 3798 perlluentis,
485 3726 627 3784 currentis.
649 3724 702 3782 illic
722 3742 783 3781 nam
805 3725 915 3782 rheuma
932 3726 1061 3800 quaedam
1076 3722 1158 3780 trahit
1171 3737 1256 3780 mare.

265 3873 296 3922 31
317 3877 431 3922 ructaret
449 3879 479 3922 w
566 3875 599 3926 33
617 3873 683 3924 lacta
702 3874 734 3923 P:
753 3872 794 3923 uel
813 3872 893 3923 tracta
911 3886 1007 3936 anargo
1096 3869 1209 3924 attinet
1227 3839 1263 3921 el¹

183 3936 246 4002 Ppr.
266 3937 327 3990 licet
345 3938 386 3990 hic
403 3939 428 3990 1²
441 3955 524 3990 manac
542 3956 625 4004 oeque
643 3943 756 4004 antiqua
775 3945 801 3989 et
819 3946 849 3989 w
929 3943 962 3992 43
981 3938 1072 3992 effudit
1091 3937 1218 4004 torpentis
1235 3951 1255 4002 p
