2792 4444
591 196 724 251 SATVRA
741 198 772 252 111
1178 194 1219 257 23

148 373 283 446 sufficiat,
307 370 409 450 quinta
431 370 500 430 dum
522 371 601 432 linea
622 371 756 449 ungitur
775 371 889 433 mnbra

150 477 187 519 en
211 457 280 536 qnid
304 453 432 536 agis?
409 473 502 517 siccas
524 455 626 518 insana
648 457 781 518 canicula
802 475 912 519 messes
1205 468 1221 518 5

148 544 206 604 iam
228 541 337 603 dudum
361 541 462 638 coquit
483 549 515 601 et
533 541 631 621 patula
653 559 745 620 pecus
768 559 856 603 omne
877 541 933 604 sub
956 543 1036 604 ulmo
1059 533 1116 605 est'

149 646 228 689 unus
250 627 290 688 ait
311 627 461 688 comitum.
500 618 677 687 ‘terumnc‘l
700 624 783 688 itan?
805 627 891 688 ocius
911 628 985 689 adsit

148 714 208 775 huc
229 712 343 791 aliquis.
387 703 534 772 nemon‘l’
558 712 702 791 turgescit
722 712 812 774 vitrea
834 711 909 787 bilis,

149 799 256 871 findor,
279 806 313 858 ut
334 797 474 859 Arcadiae
497 798 634 876 pecuaria
655 798 763 858 rudere
786 799 897 859 credas»

149 882 207 944 iam
227 880 304 943 liber
326 891 356 942 et
376 881 481 961 positis
501 881 615 944 bicolor
635 881 809 944 membrana
829 883 940 963 capillis

150 969 241 1048 inque
263 985 369 1028 manus
391 967 509 1027 chartae
529 967 701 1046 nodosaque
722 968 803 1028 venit
824 969 968 1029 harundo.
1069 999 1072 1006 =

148 1061 222 1114 tunc
243 1053 405 1132 querimur,
428 1069 546 1114 crassus
565 1053 677 1113 calamo
700 1053 780 1132 quod
802 1053 930 1132 pendeat
950 1069 1046 1114 umor.

150 1139 235 1218 nigra
257 1138 307 1198 sed
329 1138 427 1198 inlusa
447 1137 578 1198 vanescit
599 1139 681 1217 sepia
701 1138 835 1218 lympha:

151 1223 256 1284 dilutas
278 1224 430 1301 querimur
451 1223 582 1302 geminet
603 1225 685 1301 quod
704 1224 801 1284 fistula
823 1231 929 1302 guttas.

147 1300 179 1368 ‘0
201 1309 291 1369 miser
312 1308 403 1387 inque
425 1307 486 1369 dies
508 1307 584 1370 ultra
608 1310 705 1382 miser,
727 1308 835 1369 hucine
857 1326 957 1369 rerum
1191 1315 1220 1366 15

148 1390 304 1454 renierus?
326 1411 352 1468 a,
374 1411 428 1454 cur
450 1410 510 1454 non
533 1393 633 1471 potius
653 1401 819 1472 teneroque
841 1391 979 1454 columbo

149 1581 240 1656 pulam
261 1581 366 1640 Falerni
387 1581 440 1637 vini
463 1583 605 1640 discutere.
649 1579 760 1638 llalerna
781 1582 855 1656 regio
878 1579 974 1638 dicitur
996 1579 1155 1655 Campaniae
1174 1577 1220 1636 nbi

148 1668 208 1723 rina
230 1669 329 1742 optima
352 1677 508 1724 nascuntur.
595 1669 615 1726 4
637 1667 701 1723 ι1ιιιιι
721 1665 817 1723 umbra
838 1667 919 1725 medii·
939 1665 1002 1739 stili,
1025 1667 1071 1740 qui
1092 1665 1119 1721 in
1134 1665 1221 1724 horo,-

150 1751 223 1826 logio
246 1761 295 1816 est,
319 1753 438 1826 quintam
458 1752 554 1809 lineam
576 1753 703 1825 attigerit.
747 1769 778 1808 ac
799 1769 849 1826 per
868 1752 936 1818 hcc,
963 1769 1050 1826 usque
1072 1751 1221 1808 adherant

151 1837 280 1911 quintam.
368 1839 385 1894 9
411 1838 536 1893 Arcadiae
558 1837 682 1911 pecuaria
704 1837 793 1892 asinos
815 1836 889 1909 dicit,
911 1837 957 1911 qui
978 1837 1093 1910 primum
1115 1837 1143 1893 in
1166 1839 1221 1892 Ar-

150 1921 223 1978 cadia
243 1921 299 1977 nati
319 1929 394 1978 sunt.
479 1920 583 1976 ruditus
605 1921 716 1994 proprie
738 1923 873 1977 asinorum
895 1931 945 1977 est.
1035 1925 1071 1980 10
1088 1919 1221 1995 ambigui·

151 2017 191 2062 tas
213 2015 263 2062 est.
300 2015 346 2062 aut
368 2007 437 2062 enim
460 2005 564 2062 bicolor
577 2005 740 2078 membrana,
763 2005 825 2080 quia
844 2005 979 2079 quondam]
994 2005 1103 2080 capillos
1117 2006 1219 2071 hahuit,
1290 2057 1292 2063 ,

150 2099 196 2147 aut
218 2107 286 2166 quae
308 2091 413 2148 bicolor
433 2090 503 2147 facta
526 2099 576 2162 est,
599 2099 631 2147 ut
651 2091 742 2166 posuit
765 2089 884 2166 capillos.
921 2101 967 2148 aut
988 2091 1083 2147 merito
1105 2089 1220 2161 bicolor,

151 2175 224 2250 quod
245 2193 307 2251 pars
329 2193 431 2242 crocea,
455 2192 519 2253 pars
541 2177 669 2251 glutinata
690 2176 762 2250 apud
783 2175 907 2250 antiquos
930 2183 996 2233 erat.
1068 2173 1224 2234 membrana

150 2263 183 2318 de
203 2261 319 2335 pellibus
341 2261 492 2318 animalium
521 2263 667 2335 antiquitus
694 2260 862 2319 scribebatur
888 2261 916 2316 in
944 2276 998 2317 nna
1024 2269 1119 2335 parte,
1148 2278 1221 2318 nunc

150 2345 263 2401 veroin
284 2355 398 2419 utraque
419 2355 495 2419 parte
518 2346 616 2402 derasis
640 2354 744 2402 tantum
765 2347 835 2420 pilis.
873 2355 900 2402 et
921 2345 1070 2402 noandum
1091 2346 1220 2403 feminino

151 2445 250 2503 genere
270 2430 433 2486 membrana.
544 2429 579 2487 13
603 2429 678 2504 sepia
704 2445 755 2503 pro
786 2438 933 2486 atramento
961 2446 976 2485 a
1005 2430 1096 2486 colore
1119 2430 1219 2505 posuit,

151 2515 269 2590 quamvis
292 2531 347 2571 non
370 2531 462 2578 exea,
487 2521 517 2569 ut
538 2512 605 2575 nni.
629 2513 677 2570 sed
699 2531 730 2570 er
751 2512 862 2588 iuligine
884 2514 966 2570 ceteri
988 2513 1131 2572 conficiam
1147 2523 1220 2571 atra-

148 2608 279 2657 mentum.
323 2599 401 2674 nigra
422 2599 494 2673 sepia
517 2599 633 2656 vanescit
655 2615 687 2656 ex
708 2597 796 2655 inlusa
818 2597 940 2673 lympha,
963 2599 1025 2672 quia
1047 2598 1120 2672 sepia
1140 2599 1220 2674 piscis

149 2685 185 2741 ita
207 2685 312 2759 nigrum
334 2685 413 2742 habet
435 2685 599 2759 sanguinem,
623 2694 654 2741 ut
675 2689 852 2740 atramentum
873 2682 936 2740 inde
959 2683 1124 2742 conficiatur.

239 2772 276 2828 14
298 2769 388 2828 fistula
407 2785 460 2845 pro
481 2769 583 2825 rannali
605 2769 705 2826 calamo
734 2769 825 2843 posuit
852 2768 990 2842 exquisite.
1081 2772 1117 2828 15
1141 2786 1221 2827 voces

149 2854 256 2911 mutilas
278 2855 396 2927 imitaris,
418 2865 449 2910 ut
471 2871 589 2929 pappare
610 2871 661 2929 pro
684 2854 824 2911 comedere
845 2853 889 2910 vel
908 2853 999 2910 lallare
1020 2871 1073 2929 pro
1094 2855 1221 2912 dormire.

150 2953 212 2995 nam
244 2939 290 3014 qui
321 2937 445 3014 parvulas
477 2957 537 2997 aves
565 2942 704 3005 nutriunt,
739 2939 973 2995 commanducatos
1003 2935 1078 2996 cibos
1111 2937 1220 2996 diducto

152 3039 243 3080 earum
265 3033 355 3081 rostro
378 3025 511 3082 inserunt.
554 3024 607 3080 hoc
636 3021 735 3098 genere
764 3024 882 3081 nutrices
910 3024 988 3080 etiam
1014 3023 1129 3081 infantes
1152 3025 1222 3081 deli-

150 3117 225 3164 catos
246 3109 390 3167 instruunt.
503 3111 539 3168 16
563 3108 702 3166 columbos
730 3108 824 3165 melius
851 3125 952 3183 pueros
979 3107 1137 3182 intellegere
1169 3117 1219 3176 est,

151 3208 220 3266 quos
242 3210 310 3266 quae
331 3194 455 3251 nutriunt
475 3193 644 3250 blandientes
664 3191 802 3250 couneus
824 3203 851 3250 et
872 3191 963 3268 pullos
985 3203 1012 3250 ct
1032 3211 1153 3268 passeres
1168 3212 1220 3251 vo-

150 3287 221 3334 cant.
264 3287 311 3334 aut
332 3295 380 3336 cur
401 3295 457 3335 non
472 3279 704 3336 commanducatus
720 3278 794 3335 cibos
809 3279 898 3353 poscis
913 3289 959 3334 aut
974 3295 1023 3335 our
1037 3296 1093 3334 non
1107 3280 1219 3336 nutricis

148 3363 224 3419 iussn
240 3362 357 3420 donnire
371 3363 501 3438 plorando
516 3361 649 3421 recusas‘l‘
669 3380 738 3438 quae
752 3362 906 3429 infantibus,
930 3371 962 3420 ut
977 3363 1117 3428 dormiant,
1140 3379 1219 3438 saepe

234 3542 319 3596 4llne
336 3547 394 3595 cina
411 3559 425 3596 a
443 3545 508 3610 Ppr.
578 3543 673 3596 'lidan
692 3550 716 3594 α
735 3544 770 3596 ita
789 3558 837 3594 nec
854 3545 901 3595 red
918 3558 1068 3608 casaperota,
1086 3541 1220 3604 cinferne

151 3611 345 3676 amaneum?
410 3615 550 3666 SnemoA
584 3611 722 3677 tigescita
792 3611 1070 3676 eoridast’credasq
1085 3612 1221 3680 Eutyches

152 3677 226 3731 GLK.
245 3681 311 3746 Vp.
330 3681 392 3734 171·
410 3681 480 3734 dicas
498 3689 522 3734 u
543 3680 657 3732 mnam
675 3677 755 3744 Verg.
771 3693 866 3746 georg.
880 3681 923 3731 111
938 3679 990 3734 328
1006 3679 1059 3732 374
1075 3681 1141 3734 Am.
1155 3680 1224 3734 Vll!

149 3745 210 3808 248,
228 3746 263 3809 cf.
280 3750 386 3801 Ausone
402 3753 487 3816 apogr.
505 3751 522 3801 5
538 3764 564 3814 p
577 3748 628 3800 313
640 3748 739 3813 Peipar.
817 3749 847 3799 12
866 3749 995 3815 querimus
1014 3754 1037 3798 α
1056 3749 1185 3816 quaeritur
1201 3764 1219 3814 p

237 3817 267 3868 13
286 3817 401 3869 canescit
413 3818 485 3882 Ptid
496 3821 535 3868 eet
546 3817 567 3867 si
580 3815 705 3878 uanescit,
717 3815 869 3883 quarinum:
888 3820 1010 3869 canescat
1023 3822 1062 3866 α
1117 3819 1149 3869 14
1158 3832 1220 3883 que-

148 3882 228 3935 rimus
247 3889 271 3934 α
357 3899 409 3952 qno
426 3887 450 3936 P
534 3888 565 3938 lt
583 3883 680 3936 hunc'
673 3898 715 3935 me
733 3885 757 3934 Ρ
860 3886 890 3937 tt
915 3888 959 3937 aut
982 3884 1109 3936 eurPat
1133 3899 1177 3936 cur
1201 3886 1221 3947 ς

234 3951 419 4032 pilumnoe

467 4118 572 4201 ..tib
618 4111 704 4214 εγ)
735 4088 898 4188 bam-,Q
950 4154 988 4184 ¹.··
1067 4099 1197 4180 §⁸¹tt'1
