2804 4442
180 136 219 196 76
631 136 806 191 IVVENALlS

180 310 323 371 clamatur
341 302 439 372 ‘nullo
463 310 554 389 gemit
576 309 624 370 bic
645 308 768 372 tibicina
790 311 911 372 coruu’.

179 395 247 456 talia
270 404 384 456 secreta
406 396 566 457 coluerunt
587 395 670 474 orgia
693 397 775 457 taeda

180 479 353 559 Cecropiam
376 481 454 542 soliti
476 480 586 559 Baptae
607 480 716 541 lassare
739 480 875 560 Cotyton.

181 565 230 626 ille
253 565 446 644 supercilium
469 564 585 626 madida
608 564 731 644 fuligine
754 566 881 627 tinctum

180 650 301 729 obliqua
323 651 462 729 producit
483 668 539 711 acu
560 650 717 729 pingitque
744 651 898 712 trementis

179 736 317 797 attollens
340 736 459 812 oculos;
482 735 575 796 vitreo
597 735 672 796 bibit
694 736 742 797 ille
764 736 870 815 priapo

179 820 397 900 reticulumque
420 821 513 882 comis
535 830 669 882 auratum
692 820 863 900 ingentibus
885 819 989 900 implet

180 906 314 967 caerulea
338 906 460 968 indutus
482 906 626 968 scutulata
649 914 699 966 aut
722 904 839 983 galbina
863 923 929 966 rasa

181 1000 211 1051 et
233 1009 288 1071 per
309 991 457 1053 lunonem
480 991 592 1051 domini
616 990 732 1053 iurante
755 991 906 1065 ministro;

180 1075 230 1136 ille
251 1085 335 1137 tenet
356 1076 520 1156 speculum,
543 1076 651 1155 pathici
674 1084 824 1153 gestamen
848 1074 986 1148 Othonis,

180 1161 297 1222 Actoris
319 1161 454 1222 Aurunci
477 1160 615 1239 spolium,
638 1179 698 1239 quo
721 1180 753 1223 se
776 1161 824 1221 ille
846 1160 961 1222 videbat
1214 1170 1257 1221 100

182 1245 914 1308 mmmmfflfflmm—

181 1348 229 1393 res
251 1333 442 1394 memoranda
466 1331 549 1392 novis
571 1331 728 1393 annalibus
749 1340 839 1410 atque
861 1330 975 1391 recenti

181 1417 314 1489 historia,
336 1417 492 1496 speculum
514 1416 606 1477 civilis
627 1417 742 1478 sarcina
766 1416 845 1478 belli.

183 1502 323 1563 nimirum
346 1501 453 1564 summi
475 1502 560 1563 ducis
582 1509 626 1563 est
648 1501 784 1562 occidere
808 1499 930 1561 Galbam

182 1595 212 1646 et
234 1605 339 1648 curare
362 1596 470 1660 cutem,
493 1586 601 1647 summi
623 1586 790 1649 constantia
812 1585 883 1646 civis
1212 1592 1255 1644 tut

183 1670 332 1733 Bedriacis
355 1672 468 1751 campis
490 1671 618 1750 spolium
641 1672 790 1732 adfectare
812 1670 905 1730 Palati

269 1845 308 1903 92
333 1844 429 1918 Oaptae
452 1843 546 1901 titulus
559 1843 630 1909 libri,
654 1861 709 1918 quo
724 1843 850 1918 impudici
866 1842 1055 1900 describuntur
1069 1839 1102 1898 ab
1117 1839 1256 1913 Eupolide,

182 1928 229 2002 qui
250 1929 353 1986 inducit
375 1929 446 1986 viros
469 1929 501 1986 ad
522 1929 696 1986 imitationem
717 1928 874 1986 feminarum
905 1926 1042 1984 saltantes.
1163 1925 1259 2001 baptae

183 2021 272 2070 autem
296 2012 400 2071 molles.
424 2031 479 2088 quo
502 2014 581 2071 titulo
604 2014 715 2088 Eupolis
738 2014 902 2071 comoediam
923 2013 1039 2087 scripsit,
1064 2011 1099 2068 ob
1122 2027 1202 2085 quam
1224 2010 1257 2068 ab

183 2098 326 2164 Alcibiade,
351 2117 431 2173 quem
453 2099 597 2172 praecipue
619 2099 818 2173 perstrinxerat,
842 2107 954 2157 necatus
977 2105 1027 2155 est.
1130 2097 1257 2171 Cotyton.

183 2184 215 2238 ad
238 2182 388 2258 exemplum
410 2183 498 2258 Cotyti
521 2184 647 2240 dicuntur
670 2184 751 2240 isiaca
772 2201 846 2242 sacra
869 2183 1009 2241 celebrari.
1103 2185 1141 2242 95
1165 2183 1193 2238 10
1215 2182 1257 2237 vi-

183 2276 270 2324 treum
292 2285 399 2342 penem.
422 2286 491 2343 quos
513 2268 650 2343 appellant
673 2268 842 2344 driOopotas.
973 2271 1009 2327 97
1034 2266 1117 2342 polita
1141 2267 1258 2325 tenuiter

183 2368 251 2408 rasa.
376 2355 482 2420 98110,
507 2355 603 2429 inquit,
627 2354 697 2411 servi
719 2355 817 2420 iurant,
842 2355 979 2429 quomodo
1002 2353 1126 2410 solebant
1147 2351 1257 2410 ancillae

182 2439 311 2494 matronis
334 2439 474 2497 adulantes
494 2429 557 2514 ‘per
578 2441 709 2497 lunonem
732 2449 803 2498 tuam
814 2435 831 2497 ’.
927 2441 965 2498 99
990 2439 1079 2497 occiso
1103 2437 1184 2494 Galba
1205 2438 1258 2494 im·

184 2533 308 2597 peratore
331 2526 401 2582 Otho
424 2525 521 2582 invasit
542 2525 697 2598 imperium,
727 2526 774 2599 qui
803 2533 855 2581 tarn
883 2523 1031 2598 probrosae
1054 2539 1133 2579 curae
1155 2522 1181 2578 in
1204 2538 1258 2596 po-

182 2608 269 2666 lienda
292 2609 378 2667 forma
400 2610 466 2674 luit,
491 2618 522 2666 ut
543 2610 669 2666 humecto
692 2625 761 2683 pane
783 2609 876 2666 faciem
898 2608 988 2666 liniret
1008 2609 1041 2665 ad
1062 2607 1258 2664 sollicitandum

183 2694 337 2751 candorem.
366 2693 495 2750 utebatur
523 2704 552 2751 et
579 2694 700 2768 speculo.
723 2694 796 2751 hunc
823 2693 1059 2769 imcomparabilis
1089 2693 1157 2750 vitae
1186 2691 1257 2748 bello

184 2777 251 2833 civili
273 2777 394 2835 Vitellius
417 2778 479 2835 vicit
499 2779 572 2852 apud
595 2778 749 2836 Bebriacum
778 2797 910 2854 campum.
939 2780 1037 2836 horum
1065 2778 1167 2836 bellum
1189 2776 1259 2834 scri·

183 2863 238 2937 psit
260 2863 408 2930 Cornelius,
433 2864 538 2938 scripsit
560 2873 587 2921 et
608 2864 752 2940 Pompeius
774 2865 883 2929 Planta,
915 2865 961 2940 qui
983 2865 1020 2920 ait
1040 2863 1197 2920 Bebriacum
1220 2863 1258 2919 vi·

184 2964 246 3005 cum
268 2966 326 3006 esse
349 2967 365 3006 a
388 2949 518 3006 Cremona
540 2950 664 3007 vicesimo
686 2950 785 3024 lapide.
911 2952 969 3008 100
993 2949 1018 3003 in
1042 2949 1122 3003 domo
1145 2945 1258 3003 Neronis

183 3035 331 3091 invenerat.
429 3035 527 3093 adlusit
549 3037 581 3092 de
605 3036 712 3110 Virgilio
735 3033 814 3110 [Aen.
842 3037 888 3097 12,
913 3032 975 3106 94].
1081 3033 1139 3090 109
1165 3032 1256 3099 ironia,

185 3121 293 3192 quando
316 3137 407 3176 secum
429 3121 569 3196 speculum
591 3131 721 3195 portaret.
811 3122 869 3179 106
893 3117 1035 3175 Bebriacus
1058 3135 1167 3192 campus
1190 3118 1260 3173 inter

185 3203 324 3260 Hostiliam
348 3214 375 3262 et
398 3205 564 3270 Cremonam,
589 3205 633 3262 ubi
655 3206 784 3281 pugnavit
806 3205 876 3262 Otho
900 3220 960 3260 cum
984 3205 1100 3262 exercitu
1118 3202 1258 3260 Vitelhano

186 3297 212 3347 et
234 3289 320 3347 victus
342 3306 371 3346 se
394 3290 481 3364 ipsum
504 3291 642 3362 iugulavit.
731 3291 819 3348 occiso
842 3289 888 3346 illo
911 3290 1041 3365 principe,
1066 3307 1097 3347 ex
1119 3305 1174 3363 quo
1190 3289 1258 3343 Nero

186 3391 332 3450 oppressus
355 3385 405 3441 est,
428 3393 484 3432 non
499 3377 584 3433 multo
607 3385 669 3449 post
685 3378 755 3433 Otho
772 3375 940 3434 elleminatus
956 3375 1097 3450 occupavit
1111 3372 1258 3448 imperium,

185 3477 266 3533 quem
287 3460 376 3534 palato
398 3461 523 3518 infamior
545 3461 651 3517 occidit.

272 3625 305 3675 92
324 3623 456 3690 Geropiam
475 3627 498 3676 P
572 3623 677 3692 Cotytto
697 3625 779 3690 uolgo
797 3623 843 3688 (ef.
861 3640 927 3676 mna.
945 3626 1022 3676 rhen.
1040 3623 1074 3674 43
1088 3639 1116 3688 p.
1133 3622 1194 3687 295)

187 3692 219 3744 93
239 3691 346 3743 tinctum
364 3694 394 3742 ia
413 3691 498 3743 litura
516 3691 600 3742 multo
613 3694 775 3757 spatiosiore
788 3694 811 3743 P
825 3697 921 3744 tactum
940 3699 970 3743 00
1042 3693 1075 3744 et
1095 3693 1232 3742 trementes
1240 3705 1259 3754 p

272 3762 303 3811 91
323 3759 423 3811 0001010
443 3764 488 3812 001
506 3762 529 3810 Ρ
544 3775 649 3826 comp
719 3761 828 3827 galbana
847 3777 864 3826 p
948 3761 996 3814 tcc
1014 3758 1146 3811 Bebriacis
1164 3757 1259 3824 campis

187 3829 210 3877 P
224 3826 341 3878 Bebriaci
360 3841 451 3892 campo
467 3829 625 3892 μων-0001·
643 3826 708 3878 Bed-
788 3829 899 3895 spolium
917 3830 946 3878 r'n
966 3829 1049 3878 litura
1068 3831 1154 3878 totum
1165 3827 1201 3878 P.
1220 3839 1261 3876 eo·

186 3893 250 3944 lium
263 3893 458 3944 Hemerdenuo
476 3897 521 3944 eui
536 3892 616 3955 fauet
635 3895 801 3947 Claudianus
818 3899 848 3947 in
865 3896 1029 3962 Eutropium
1047 3896 1077 3946 II
1091 3895 1142 3947 457
