2792 4444
594 222 726 276 servat
746 223 778 275 Vl

155 600 292 661 Admovit
313 599 368 659 iam
394 599 499 658 bruma
520 599 587 658 loco
610 607 649 677 te,
673 599 770 674 Basse,
795 595 926 658 Sabino?

156 687 254 746 iamne
276 684 338 764 lyra
362 690 391 744 et
413 683 516 744 tetrico
539 683 640 743 vivunt
661 683 715 744 tibi
737 683 855 764 pectine
878 681 1027 743 chordae?

156 771 231 830 mire
254 769 351 848 opifex
376 769 507 828 numeris
530 776 661 829 veterum
684 767 845 848 primordia
867 786 972 828 vocum

99 845 104 864 '
157 864 244 934 atque
267 872 377 914 marem
401 853 557 932 strepitum
580 853 645 914 fidis
668 854 830 914 intendisse
853 853 970 926 latinae,

157 959 226 1000 mox
248 939 369 1000 iuvenes
380 939 500 1017 „agitare
523 938 604 998 iocos
626 948 655 999 et
678 939 784 1016 pollice
806 937 933 998 honesto

158 1025 294 1104 egregius
316 1023 421 1084 lusisse
443 1042 545 1084 senex.
590 1023 661 1082 mihi
685 1042 767 1084 nuno
790 1005 880 1100 Ligu‘s
903 1040 953 1083 ora

157 1111 271 1189 intepet
293 1108 489 1186 hibernatque
512 1126 612 1168 meum
634 1126 724 1182 mare,
751 1127 809 1187 qua
832 1107 907 1168 latus
930 1108 1036 1185 ingens

244 1281 275 1336 Vl
302 1283 314 1338 l
340 1281 408 1336 hanc
430 1279 538 1336 satiram
559 1278 651 1336 scribit
673 1279 705 1336 ad
721 1280 841 1336 Caesium
857 1281 965 1336 Bassum
987 1278 1101 1353 lyricum
1118 1285 1233 1352 poetam.

157 1384 238 1441 quem
270 1365 338 1422 lama
372 1373 413 1422 est
444 1366 471 1420 in
503 1365 618 1439 praediis
645 1364 701 1420 suis
729 1364 845 1438 positum
874 1364 986 1420 ardente
1007 1363 1120 1420 Vesuvio
1142 1369 1235 1418 moute

160 1451 315 1525 Campaniae
348 1460 375 1508 et
405 1449 459 1506 late
487 1449 595 1522 ignibus
623 1448 778 1506 abundante
806 1466 867 1506 cum
896 1447 957 1504 villa
978 1463 1026 1503 sua
1047 1456 1149 1505 ustum.
1192 1445 1237 1502 hie

157 1553 222 1610 ergo
246 1537 309 1593 dum
330 1536 439 1600 viveret,
462 1535 546 1591 Roma
566 1535 599 1591 ad
614 1533 727 1592 Sabinos
749 1541 903 1598 secesserat,
929 1532 974 1588 ubi
994 1533 1100 1590 hiemali
1115 1541 1237 1606 tempore

157 1622 184 1677 in
206 1622 266 1678 loeo
290 1621 376 1678 calido
399 1621 516 1677 carmina
537 1619 680 1678 scribebat.
788 1636 818 1676 se
839 1628 929 1676 autem
953 1617 1015 1674 dicit
1038 1617 1145 1675 Persius
1165 1615 1236 1691 apud

156 1706 289 1780 Liguriam
319 1704 401 1762 luisse
430 1705 456 1761 in
484 1705 546 1762 loco
568 1705 615 1762 uhi
640 1716 737 1779 portus
760 1705 874 1763 naturali
896 1703 967 1760 llexu
990 1713 1117 1782 curvatus
1138 1702 1237 1759 fluctus

157 1793 185 1846 in
208 1809 236 1847 se
258 1790 362 1862 recipit,
386 1790 432 1863 qui
454 1800 566 1863 propter
587 1792 768 1847 curvationem
790 1799 887 1865 portus
901 1790 993 1846 Lunae
1015 1797 1135 1846 vocatur.
1161 1787 1237 1845 cuius

157 1876 236 1932 etiam
258 1874 360 1930 Ennius
381 1874 409 1928 in
429 1873 560 1946 principio
576 1873 709 1930 annalium
725 1892 836 1931 suorum
852 1874 971 1929 meminit
985 1873 1037 1930 hoo
1050 1891 1140 1938 versu,
1158 1889 1237 1948 quem

157 1960 236 2016 etiam
265 1958 372 2014 Persius
402 1957 563 2014 carminibus
592 1957 646 2013 suis
674 1957 760 2014 iunxit
788 1968 814 2013 et
842 1957 925 2013 refert
946 1956 979 2012 ah
1002 1959 1087 2014 Ennio
1109 1958 1237 2014 ablatum.

159 2045 205 2118 qui
227 2044 328 2099 Ennius
355 2043 408 2099 hoe
437 2043 559 2117 scripsit,
589 2043 654 2099 dum
675 2060 704 2099 se
725 2043 752 2099 in
775 2043 892 2098 Parnaso
915 2042 1062 2098 somniasse
1084 2042 1190 2098 dixisset
1212 2050 1239 2096 et

159 2130 241 2185 visam
265 2128 374 2184 llomeri
403 2129 514 2185 animam
543 2129 690 2186 secundum
713 2128 881 2202 Pythagorae
910 2126 1033 2200 dogmata
1055 2144 1104 2202 per
1126 2125 1239 2182 aliorum

162 2231 275 2288 corpora
299 2215 330 2268 ad
353 2213 517 2270 sevenisse.
590 2216 606 2271 3
629 2231 724 2271 sensus
748 2221 801 2271 est:
826 2230 842 2269 o
865 2213 984 2269 mirande
999 2211 1092 2268 artilex
1114 2211 1240 2269 varietate

160 2315 352 2362 numerorum,
382 2315 462 2371 quam
490 2300 522 2354 de
550 2299 643 2354 metris
671 2300 773 2372 graecis
802 2298 920 2371 excerpis
949 2307 976 2354 et
1000 2297 1135 2355 masculos
1157 2313 1240 2353 sonos

160 2381 250 2439 latinis
272 2390 346 2455 aptas
366 2377 540 2438 carminibus.
670 2387 688 2439 4
711 2383 857 2439 masculum
881 2390 908 2437 et
934 2381 1031 2439 fortem
1055 2400 1161 2448 sonum,
1185 2399 1240 2438 non

163 2484 217 2541 quo
240 2466 329 2523 solent
351 2467 456 2540 quidam
479 2466 554 2522 velut
574 2465 698 2522 muliebri
720 2483 751 2522 ac
772 2465 847 2521 molli
869 2482 935 2521 voce
957 2477 1074 2522 eantare.
1182 2466 1241 2522 fidis

162 2569 248 2626 genus
277 2560 319 2608 est
346 2551 461 2608 citharae
491 2552 564 2625 quod
592 2559 645 2607 tam
674 2551 844 2625 singulariter
872 2567 951 2625 quam
974 2549 1114 2624 pluraliter
1135 2550 1243 2606 dicitur.

163 2647 194 2694 ut
215 2636 341 2693 Horatius
363 2635 419 2710 [od.
439 2641 465 2702 l,
485 2639 532 2701 17,
553 2634 602 2711 18]
618 2629 663 2693 ‘et
688 2636 740 2693 lide
763 2637 825 2693 'leia
849 2637 919 2693 dices
941 2634 1094 2692 laborantes
1115 2635 1143 2692 in
1166 2628 1242 2691 uno’.

163 2721 312 2796 pluraliter,
341 2731 372 2777 ut
399 2721 530 2796 Vergilius
552 2716 925 2796 [Aeo.6,120]‘thretcis
951 2720 1038 2778 fretus
1060 2720 1158 2778 cithara
1181 2720 1244 2778 fidi-

165 2805 270 2880 busque
292 2801 417 2863 canoris'.
542 2810 558 2865 5
583 2808 692 2864 iuvenes
713 2807 798 2873 iocos,
822 2808 882 2865 ideo
906 2807 978 2880 quod
1002 2805 1114 2882 lyricum
1137 2823 1244 2865 carmen

166 2890 198 2947 de
218 2892 344 2948 iuvenum
370 2892 406 2948 sit
427 2908 517 2948 amore
547 2893 736 2966 compositum.
866 2902 893 2948 et
914 2893 1012 2967 pollice
1033 2892 1158 2958 honesto,
1182 2895 1244 2968 quia

166 2975 349 3032 citharizantes
370 2993 428 3032 non
448 2977 537 3033 solum
558 2975 662 3050 plectro
684 2994 777 3034 verum
800 2977 878 3034 etiam
893 2977 975 3050 digito
992 2978 1024 3033 de
1040 2977 1147 3035 chordis
1161 2996 1245 3035 sonos

166 3061 293 3117 educunt.
316 3069 347 3116 ut
361 3061 492 3134 Vergilius
508 3057 587 3134 [den.
606 3064 633 3125 6,
653 3053 856 3136 bdll‘iamque
877 3063 968 3117 eadem
992 3062 1079 3135 digitis
1094 3065 1112 3118 i.
1128 3080 1154 3137 p.
1167 3081 1195 3138 p.
1209 3058 1245 3120 e.‘

254 3148 271 3203 6
294 3162 323 3202 se
345 3145 432 3219 ipsum
447 3147 555 3203 Persius
569 3145 701 3220 significat
715 3147 855 3203 secessisse
870 3146 897 3201 in
912 3147 1035 3220 Liguriae
1051 3146 1118 3204 fines
1132 3158 1246 3223 propter

166 3229 283 3286 Fulviam
306 3230 453 3287 Sisenniam
474 3240 587 3287 matrem
610 3247 694 3295 suam,
718 3249 787 3305 quae
809 3240 872 3306 post
894 3242 1007 3289 mortem
1030 3234 1128 3306 prioris
1145 3235 1195 3290 viri
1209 3233 1246 3290 ibi

168 3324 252 3388 nupta
280 3323 347 3372 erat.
422 3369 425 3373 ,
475 3316 517 3372 vel
544 3316 618 3391 quod
652 3316 678 3371 in
706 3315 837 3374 brumalia
865 3316 965 3390 frigora
995 3317 1114 3392 tepidum
1143 3318 1246 3374 caelum

167 3399 247 3473 Ligus
270 3417 317 3456 ora
339 3400 474 3474 praebeat.
542 3399 708 3467 tabernas,
731 3403 814 3459 saevit
834 3401 876 3458 vel
892 3419 906 3457 a
920 3401 1028 3475 navigiis
1050 3411 1133 3458 vacat.
1177 3402 1248 3459 siout
1305 3422 1308 3429 ’

254 3563 287 3614 Vl
305 3563 354 3616 ode
373 3564 460 3632 quinta
480 3564 503 3614 B
520 3562 552 3615 ad
571 3567 668 3616 costum
688 3565 790 3617 bassum
809 3565 935 3632 lycurium
954 3569 983 3628 (i.
1000 3564 1119 3633 lyricum)
1145 3571 1246 3633 poetam

169 3633 196 3684 P.
223 3631 432 3698 Sublaquensem
466 3630 583 3693 fundum
609 3635 723 3684 babebat
758 3634 784 3684 0.
810 3633 917 3684 Caesius
951 3635 1051 3685 Bassus
1089 3635 1152 3686 CIL.
1179 3636 1252 3688 XIV

169 3699 234 3752 3471
339 3703 354 3752 2
377 3701 480 3768 neclyra
500 3708 524 3751 α
615 3701 671 3769 tyre
695 3707 721 3753 et
745 3701 823 3752 tricae
846 3701 961 3754 uiuntP
983 3705 1014 3752 in
1035 3719 1134 3754 rantra
1151 3706 1248 3768 (potest

171 3768 234 3819 olim
249 3766 334 3829 fuisse
351 3768 406 3836 lyre
424 3769 539 3834 tetricae)
561 3769 616 3836 lyra
637 3776 662 3820 et
680 3769 786 3820 tetricae
810 3769 901 3821 uiuunt
921 3785 940 3835 p
1037 3771 1130 3823 chordo
1154 3787 1204 3822 om.
1224 3777 1248 3821 α

171 3835 269 3890 aalma
287 3836 397 3904 cordeP
461 3838 477 3888 3
496 3852 533 3903 pr.
552 3852 636 3888 rerum
654 3852 746 3889 uocum
764 3839 788 3888 P
802 3839 904 3902 (uocum
923 3838 1070 3905 adscripsit
1085 3837 1201 3900 fortasse
1218 3840 1247 3904 p)

259 3905 441 3957 lmotremB
510 3905 685 3971 ddegregius
704 3913 729 3957 α
747 3905 886 3972 Aegrecius
905 3907 929 3956 P
944 3905 1119 3972 hogregiosp
1196 3907 1249 3957 ius-

172 3970 238 4024 sisse
252 3979 276 4022 α
345 3987 454 4038 senesp
525 3973 693 4040 ligusyoraa
766 3974 962 4040 'lhibetnatque
976 3981 999 4025 α
1013 3975 1169 4039 hibernaque
1181 3975 1247 4038 Ppr.

224 4062 316 4106 uam
1028 4061 1044 4110 4
