2792 4444
579 824 810 898 lVVENALlS

404 1035 971 1132 SATVRARVlll

552 1249 666 1311 LIBER
688 1249 829 1311 PRIMVS

610 1446 745 1503 SATVRA
762 1449 772 1502 l

154 1550 278 1632 Semper
301 1571 355 1631 ego
378 1553 495 1615 auditor
516 1551 654 1616 tantum?
678 1573 881 1634 numquamne
904 1573 1046 1636 reponam

152 1648 272 1698 vexatus
295 1639 405 1700 totiens
428 1640 508 1700 rauci
532 1639 675 1701 Theseide
700 1639 809 1702 Cordi‘.l

152 1720 266 1801 inpune
290 1742 361 1801 ergo
385 1725 455 1785 mihi
478 1725 645 1785 recitaverit
667 1724 715 1786 ille
738 1734 818 1804 tegat
819 1746 860 1800 aS,

152 1805 200 1866 hic
223 1807 374 1884 elegos?
367 1826 481 1885 rnpuue
503 1809 580 1868 diem
603 1813 821 1907 consumpserit
843 1813 951 1890 ingens

1202 1869 1204 1874 .
1235 1765 1342 1880 W

152 1889 303 1968 Telephus
325 1902 376 1952 aut
398 1893 506 1978 summi
529 1893 647 1972 plena
640 1911 697 1953 ram
720 1895 853 1972 margine
874 1895 942 1955 libri
1114 1857 1166 1956 [ll
1183 1851 1224 1964 ¹⁸lt

151 1975 281 2054 scriptus
304 1985 334 2037 et
355 1977 386 2037 iu
409 1987 493 2056 tergo
518 1977 645 2038 necdum
668 1977 770 2039 linitus
794 1977 935 2040 Orestes?

1151 1959 1156 1992 l

236 2149 247 2204 l
270 2165 318 2206 cur
340 2159 445 2208 saturas
467 2150 574 2208 scribat.
705 2151 856 2210 Iuvenalem
884 2150 965 2226 aliqui
988 2149 1089 2206 Gallum
1112 2160 1225 2224 propter

152 2235 273 2308 eorporis
296 2236 516 2310 magnitudinem,
540 2236 622 2311 aliqui
638 2238 797 2312 Aquinatem
819 2237 921 2294 dicunt.
944 2253 973 2293 ea
997 2245 1118 2310 tempora
1132 2235 1224 2291 homi-

152 2319 215 2375 tiani
239 2322 353 2392 tyranni,
377 2320 477 2395 quibus
499 2322 578 2377 etiam
600 2323 657 2396 ipse
679 2323 749 2388 vixit,
774 2339 807 2379 eo
831 2323 905 2396 quod
928 2322 955 2377 in
977 2321 1037 2378 aula
1059 2322 1141 2396 ipsius
1163 2319 1225 2395 plus

149 2404 294 2460 histriones
317 2421 396 2500 quam
418 2403 506 2460 bonae
527 2407 596 2462 vitae
618 2407 739 2463 homines
761 2415 881 2481 possent,
905 2407 1022 2479 graviter
1044 2405 1152 2480 carpsit.
1174 2407 1224 2462 hos

150 2497 240 2546 autern
262 2488 375 2546 libros
367 2506 395 2545 rn
418 2488 523 2545 erilium
543 2491 640 2547 missus
655 2491 690 2548 ad
705 2491 836 2548 civitatem
852 2491 972 2547 ultimam
988 2491 1102 2564 Aegypti
1117 2491 1223 2546 Hoasim

149 2575 211 2631 ah
204 2591 262 2649 rpso
285 2575 432 2631 Domitiano
455 2575 571 2649 scripsit
600 2576 660 2632 ideo
683 2585 772 2632 autem
794 2575 821 2630 in
844 2575 949 2632 exilium
971 2574 1067 2630 missus
1090 2575 1223 2647 estquis

150 2661 214 2717 dixit
234 2677 340 2717 versum
362 2659 402 2735 [7.
421 2657 472 2734 90]
492 2650 580 2756 ‘quod
603 2678 659 2717 non
681 2662 744 2718 dant
766 2677 902 2735 proceres,
927 2658 999 2716 dahrt
1012 2645 1127 2716 histrio
1151 2675 1224 2715 nunc

148 2754 237 2802 autem
264 2745 318 2802 hoc
344 2746 448 2803 inducit
476 2746 551 2819 quasi
574 2755 695 2820 carptum
717 2764 746 2804 se
767 2764 817 2821 per
836 2746 936 2820 figuras
958 2763 974 2802 a
996 2745 1098 2802 miseris
1126 2745 1222 2840 poetis,

149 2831 204 2905 iqui
226 2831 263 2886 nil
284 2832 384 2888 uotum
405 2831 452 2888 sed
476 2831 600 2888 omnihus
622 2843 699 2888 notas
721 2832 823 2889 lahnlas
845 2832 997 2888 recitarent.
1022 2841 1048 2888 et
1063 2830 1125 2886 dicit
1140 2831 1224 2904 magis

149 2916 198 2973 deo
227 2927 344 2974 saturam
372 2935 401 2974 se
423 2916 555 2982 scribere,
585 2928 616 2973 ut
641 2918 728 2992 possit
755 2934 844 2974 mores
866 2917 936 2974 illius
958 2915 1089 3011 temporis
1108 2915 1223 2972 demon-

148 3002 258 3058 strando
281 3010 386 3059 notare.
493 3003 511 3058 2
536 3002 640 3059 Cordus
662 3003 706 3059 hic
726 3011 806 3077 poeta
829 3002 879 3058 luit
901 3001 1027 3066 vitiosus,-
1045 3001 1091 3074 qui
1113 3010 1223 3070 tragoe-

148 3087 226 3151 diam,
249 3086 366 3144 fabulam
382 3087 475 3144 Thesei
497 3087 613 3161 scripsit.
647 3089 680 3145 de
702 3104 756 3160 quo
774 3087 898 3185 Virgilius
920 3086 985 3144 dixit
1006 3083 1086 3158 [Aen.
1104 3087 1132 3150 6,
1151 3083 1222 3158 617]

144 3161 235 3228 ‘sedet
256 3181 448 3248 aeternumque
476 3172 579 3229 sedebit
607 3172 699 3229 infelix
721 3160 860 3229 Theseus'.
990 3171 1008 3230 3
1032 3180 1137 3244 togatae
1159 3180 1223 3227 sunt

148 3256 300 3313 comoediae
327 3257 435 3315 latinae.
473 3258 563 3333 quales
586 3257 712 3314 Afranius
740 3257 813 3314 lecit.
951 3259 968 3314 5
992 3253 1124 3332 Telephus
1152 3255 1222 3312 lilius

149 3342 264 3399 lleraclis
292 3351 319 3400 et
340 3346 431 3417 Auges
453 3359 467 3398 a
490 3360 568 3401 cerva
596 3344 714 3399 nutritus
741 3352 792 3399 est.
901 3342 1049 3399 notandum
1076 3343 1222 3413 marginem

147 3429 272 3485 l'eminino
295 3446 395 3503 genere
416 3429 477 3485 dici.
515 3428 623 3486 Ovidius
645 3426 717 3502 [met.
737 3431 762 3493 l,
783 3425 831 3500 13]
852 3427 1010 3484 masculino.
1104 3428 1121 3483 6
1139 3425 1221 3497 Aegi-

146 3513 223 3570 sthus
245 3513 368 3589 Thyestis
390 3514 461 3571 filius
490 3514 553 3571 dum
577 3513 778 3588 Clytemestram
807 3529 919 3568 uxorem
941 3511 1149 3586 Agamemnonis
1171 3505 1220 3565 ad-

145 3597 281 3664 ulteraret,
305 3599 350 3657 illa
372 3599 469 3657 amoris
491 3599 561 3655 illius
584 3615 662 3655 eausa
685 3597 879 3654 communicato
910 3613 972 3654 cum
994 3596 1087 3654 eodem
1110 3595 1220 3652 consilio

146 3684 295 3741 venientem
318 3703 333 3742 e
355 3685 470 3742 Troiano
493 3683 565 3742 hello
587 3685 712 3740 maritum
733 3683 877 3756 percussit.
901 3697 981 3756 quam
1003 3691 1096 3756 postea
1112 3682 1220 3738 Orestes

146 3769 217 3825 lilius
240 3768 337 3825 dicitur
359 3771 497 3826 occidisse.

213 3931 337 3983 ltitulus
354 3933 444 3982 nullus
461 3938 490 3982 in
508 3934 532 3983 P
599 3932 673 3984 luel
692 3931 866 3998 numquinep
936 3929 1041 3983 leodri
1057 3947 1075 3995 p
1145 3933 1218 3983 3to·

146 4007 230 4067 galam
250 4006 424 4052 commentum
436 4001 538 4051 Donate·
556 3999 630 4053 GLK.
649 3999 689 4052 IV
701 4015 729 4065 p.
747 3999 798 4050 524
