2792 4444
176 132 196 190 8
657 130 763 190 PERSI

217 306 283 384 quis
305 303 406 386 populi
430 322 528 366 sermo
550 302 617 366 est‘l
639 305 706 384 quis
726 305 808 366 enim
831 305 888 368 nisi
910 305 1040 366 carmina
1061 305 1142 366 molli

173 409 256 452 nunc
278 391 397 452 demum
418 407 544 450 numero
566 390 668 465 fluere,
691 398 725 452 nt
746 391 884 471 perleve
905 409 1023 454 severos

125 474 306 575 ,00600601
327 476 464 536 iunctura
486 473 625 552 ungues?
641 473 713 538 ‘scit
734 476 856 536 tendere
877 495 994 538 versum

55 589 97 668 s
114 553 238 663 pharon
262 579 347 622 secus
369 579 402 620 00
425 560 450 620 01
472 560 559 620 00010
581 560 730 621 rubricam
753 560 867 638 derigat
887 579 958 622 nno.

75 634 132 758 pbp
172 647 233 706 sive
256 665 331 727 opus
352 646 382 707 10
407 663 514 790 mperes,
537 645 568 705 in
591 646 702 717 luxum,
724 645 755 706 in
778 646 901 726 prandia
922 664 1028 727 regom

173 731 282 806 dicere,
304 749 353 792 res
375 749 427 808 gra
451 731 502 792 des
521 739 624 792 nostro
648 731 696 792 dat
717 731 799 793 11000
821 727 945 810 poetae.²

172 835 242 878 ecce
265 817 353 878 modo
374 817 481 876 heroas
503 833 608 877 sensus
629 817 746 877 adferre
767 816 899 878 videmus

172 902 279 980 nugari
301 902 405 963 solitos
426 919 542 979 graece,
566 920 623 962 nec
643 920 758 981 ponere
780 901 879 962 lucum

170 987 299 1050 artifices
321 1005 377 1048 nec
399 1004 451 1048 rus
473 995 605 1046 saturum
627 986 755 1058 laudare,
777 987 830 1050 uhi
852 986 957 1048 corbes

172 1081 202 1133 et
225 1073 308 1133 locus
330 1081 360 1133 et
383 1072 467 1151 porci
490 1079 518 1132 et
540 1071 655 1133 fumosa
677 1071 779 1132 Palilia
800 1071 897 1145 10000,

171 1157 251 1218 0060
273 1157 383 1218 Remus
406 1157 548 1234 sulcoque
570 1166 672 1218 terens
693 1156 831 1230 dentalia,
855 1157 968 1232 Quinti,

171 1260 240 1304 curn
263 1242 374 1323 trepida
397 1251 465 1302 ante
488 1241 577 1303 boves
599 1231 890 1304 dictatorem'induit
912 1260 987 1302 uxor

25 729 78 808 p

171 1465 232 1506 oum
260 1449 351 1514 vultu,
383 1447 457 1522 qnod
487 1446 599 1504 facimus
627 1465 689 1504 cum
717 1448 783 1504 alios
806 1448 965 1504 deridemus.
1009 1447 1071 1504 inde
1103 1445 1246 1502 sanniones

172 1533 236 1590 dicti
257 1534 304 1608 qui
325 1550 382 1590 non
403 1541 507 1589 rectum
528 1531 632 1589 vultum
654 1533 779 1590 habeant.
880 1535 919 1592 65
944 1549 1049 1605 ungues
1070 1541 1185 1588 tractum
1208 1541 1249 1587 est

169 1619 395 1684 amarmorariis,
419 1617 464 1691 qui
486 1619 614 1690 quotiens
635 1618 730 1675 volunt
754 1618 822 1674 bene
844 1627 994 1692 coaptatam
1008 1618 1160 1675 iuncturam
1175 1632 1247 1672 mor-

169 1704 253 1760 moris
275 1703 439 1778 approbare,
467 1719 557 1776 ungue
585 1703 769 1776 experiuntur.
878 1706 918 1763 66
940 1703 1074 1760 rubricam
1094 1711 1210 1758 tractum
1233 1717 1248 1756 a

167 1787 261 1851 labris,
285 1789 331 1862 qui
354 1786 480 1863 quotiens
502 1787 597 1845 volunt
618 1788 804 1846 rectitudinem
826 1791 912 1847 lineae
928 1788 1114 1862 comprobare,
1137 1787 1246 1844 retortis

169 1874 197 1929 in
219 1890 301 1930 unam
322 1883 427 1948 partem
448 1871 579 1929 ambobus
602 1872 687 1930 oculis
708 1874 805 1930 lineam
826 1875 923 1932 factam
945 1874 1107 1948 inspiciunt,
1137 1871 1173 1928 06
1195 1872 1247 1929 600

168 1957 280 2024 00111001,
302 1975 338 2015 00
359 1975 408 2034 per
430 1958 573 2014 oculorum
596 1959 752 2016 divisionem
774 1960 863 2017 iudicii
884 1960 981 2015 veritas
1003 1958 1195 2015 confundatur.

168 2046 209 2103 67
232 2044 259 2099 10
282 2061 388 2109 mores,
418 2060 479 2098 nam
508 2043 661 2100 comoediae
689 2061 778 2100 mores
799 2043 937 2101 hominnm
960 2045 1114 2118 exprimunt
1135 2058 1247 2098 conver·

170 2130 366 2203 stationemque.
410 2129 437 2182 in
458 2127 562 2192 luxum,
585 2128 612 2183 id
634 2137 676 2185 est
697 2130 802 2185 satiram
825 2146 895 2205 quae
915 2129 1091 2186 invectionem
1108 2126 1246 2181 hominnm

169 2215 299 2270 continet.
342 2214 370 2269 in
391 2213 502 2286 prandia
523 2229 635 2286 regum,
659 2213 684 2268 id
706 2223 747 2270 001
768 2216 918 2288 tragoedias
940 2231 1008 2289 qnae
1031 2229 1157 2270 cenarum
1179 2210 1247 2266 laei-

169 2315 330 2355 norosarum
353 2297 494 2354 continent
515 2298 732 2372 descriptionem,
755 2299 826 2357 sicut
847 2301 986 2374 Thyestes.
1095 2299 1134 2357 72
1157 2296 1247 2354 Palilia

169 2383 234 2440 dicit
259 2383 327 2441 diem
355 2399 461 2440 sacrum
488 2383 516 2438 in
543 2383 674 2441 honorem
697 2384 766 2441 Palis
795 2385 859 2443 deae
888 2385 1047 2459 pastoriciae
1069 2382 1246 2457 cognomina-

166 2477 235 2534 tum,
260 2486 314 2544 quo
337 2469 379 2526 die
400 2469 496 2543 0001110
517 2468 546 2525 10
566 2469 629 2526 foco
652 2470 794 2544 manipulis
815 2471 884 2526 10001
898 2470 1042 2527 ludibundi
1058 2469 1151 2524 rustici
1166 2468 1246 2524 salie-

170 2553 248 2619 bant,
282 2558 329 2629 qui
357 2555 462 2628 expiare
491 2571 520 2610 00
541 2553 593 2610 600
616 2554 745 2611 sacrificio
775 2555 935 2612 eredebant:
964 2555 1024 2611 1600
1047 2554 1152 2610 fumosa
1175 2553 1245 2610 dixit.

253 2639 339 2694 aliter.
362 2640 384 2694 si
398 2638 488 2694 Palilia
504 2638 577 2701 dicit,
601 2638 670 2694 diem
686 2639 748 2695 dicit
762 2655 867 2696 sacrum
882 2641 910 2695 10
932 2641 1064 2696 honorem
1085 2639 1156 2706 11100,
1179 2655 1247 2712 qnae

167 2724 273 2797 peperit
287 2724 399 2780 Remum
420 2723 614 2786 0111010010οι,
638 2740 754 2798 quorum
769 2726 932 2781 mentionem
948 2723 1137 2781 sacrificiorum
1154 2725 1245 2780 Cicero

167 2809 194 2864 10
223 2808 376 2882 Philippicis
405 2805 473 2882 [14,
502 2807 550 2882 14]
578 2817 779 2866 commemorat.
836 2810 925 2867 Palilia
954 2827 1023 2885 quae
1051 2826 1124 2866 nunc
1152 2809 1246 2865 Parilia

167 2894 275 2949 mutatis
298 2893 393 2949 litteris
416 2894 535 2949 dicimus.
579 2893 621 2949 vel
643 2895 716 2968 qnod
743 2894 798 2951 dies
821 2912 875 2970 quc
898 2897 1007 2952 condita
1035 2896 1246 2952 0011100000-

168 2979 255 3035 censis
283 2977 439 3052 manipulis,
470 2995 582 3035 accenso
612 2978 691 3035 faeno
721 2979 835 3036 colatur.
886 2991 933 3038 aut
958 2980 1048 3037 Palilia
1077 2979 1133 3036 dies
1160 2977 1245 3035 100100

100 3099 104 3110 ·
168 3063 238 3119 Palis
260 3065 324 3120 deae
347 3080 474 3136 agrorum
503 3082 549 3120 seu
580 3075 719 3138 pastorum
746 3064 853 3122 6061100
876 3082 890 3120 0
912 3065 1058 3123 veteribus.
1105 3065 1186 3119 Varro
1208 3065 1247 3120 010

168 3148 218 3204 ait:
240 3138 345 3204 ‘Palilia
366 3157 420 3205 tam
441 3149 544 3222 privata
566 3166 645 3223 quam
666 3148 773 3223 publica
795 3161 869 3214 sunt,
893 3161 920 3207 et
942 3160 984 3207 est
1008 3168 1094 3223 genus
1108 3149 1246 3206 hilaritatis

168 3241 196 3289 et
223 3232 299 3290 lusus
328 3234 399 3307 opud
427 3235 559 3298 rusticos,
594 3243 625 3290 ut
654 3236 788 3308 congestis
821 3253 880 3292 cum
913 3235 992 3293 10000
1021 3234 1127 3310 0110060
1155 3235 1244 3309 ignem

167 3335 294 3392 magnum
315 3318 481 3381 transiliant,
512 3319 585 3392 quod
613 3319 668 3375 Pali
697 3319 877 3377 [0010010010
899 3338 929 3377 00
951 3321 1056 3394 expiare
1078 3306 1243 3377 credentes'.

254 3408 294 3462 74
317 3403 441 3472 Quintius
463 3403 635 3460 Cincinnatus
657 3422 719 3462 cum
747 3423 826 3461 sunm
855 3423 949 3479 agrum
977 3416 1064 3463 araret
1086 3414 1114 3462 01
1134 3412 1244 3468 sereret,

167 3487 299 3545 dictatura
321 3490 345 3544 ei
366 3505 381 3545 a
403 3489 506 3563 populo
522 3490 641 3546 Romano
665 3489 751 3546 delata
774 3499 825 3546 001.
861 3492 908 3564 qui
923 3501 1017 3548 contra
1032 3491 1164 3548 Samnites
1178 3505 1244 3564 pro·

168 3571 258 3630 fectus
279 3576 367 3630 victor
388 3575 483 3631 extitit.
528 3575 575 3648 qni
596 3592 611 3630 0
632 3576 746 3632 serendo
770 3576 923 3634 nominatus
946 3587 987 3634 est
1011 3577 1152 3633 Serranus.

253 3756 286 3807 69
304 3753 434 3820 60100ος
519 3755 640 3809 docemus
664 3758 688 3807 P
711 3756 754 3809 nel
778 3755 896 3809 uidemus
917 3775 936 3824 p
1025 3761 1058 3811 13
1084 3756 1249 3808 60011011οΡ

167 3819 292 3943 0110000001οἃ
287 3837 318 3941 pn
334 3907 353 3956 p
378 3825 491 3876 ’1460ῐο
510 3826 542 3876 P:
561 3823 643 3885 Quem
662 3833 711 3891 ap
782 3824 934 3878 dictatorem
953 3834 977 3877 nt
996 3831 1024 3878 01
1041 3831 1072 3876 ut
1089 3825 1200 3876 uidetur
1211 3826 1244 3876 P:
