2792 4444
205 185 237 238 lv
652 181 836 236 PRAEFATIO

204 356 383 419 stituendam
406 373 470 416 esse
492 355 689 416 demonstravi
712 356 754 432 (in
778 356 850 417 actis
872 374 933 416 soc.
956 355 1010 416 litt.
1026 356 1182 416 saxonicae
1200 355 1280 418 1851

206 479 234 539 p·
259 460 454 621 &wigius
481 557 575 620 Iulius
601 558 1205 638 111111111181111111111111111
1235 557 1284 618 ἅθ’
1372 509 1373 542 ³

334 666 466 722 meoticas
492 666 631 740 temptavi
656 663 805 722 emendare
833 665 894 722 sine
930 659 1100 740 ootipropbo
1134 678 1229 720 meum
1259 669 1285 720 et
1372 699 1373 730 r

336 765 474 826 adnotavi
494 764 657 825 Bnrcetlone
679 783 747 826 coss.
771 766 815 826 dd.
840 783 891 825 aa.
916 763 1036 826 Arcadio
1060 775 1085 824 et
1101 761 1230 825 Honorio
1252 761 1282 823 V.
1372 757 1373 818 i

208 868 312 928 eodem
334 886 414 926 anno
438 868 501 929 402
517 885 546 946 p.
563 865 630 928 Cbr.
655 886 684 926 n.
709 866 838 928 Sabinus
859 866 1011 943 trigesimo
1034 866 1136 927 aetatis
1158 876 1188 926 et
1209 865 1286 926 mili·
1372 861 1373 896 ³

208 970 264 1030 tiae
294 970 400 1048 quinto
429 968 553 1029 Tolosae
582 969 670 1030 etiam
693 969 821 1030 Nonium
849 965 953 1048 ‘prout
974 969 1070 1048 potnit
1093 958 1285 1030 emendavit'.
1372 963 1373 980 ¹

208 1071 386 1150 subscriptio
410 1072 501 1133 Persii
524 1073 554 1132 in
578 1072 694 1134 duobus
717 1073 869 1134 codicibus
896 1072 1011 1152 depicta
1040 1072 1148 1150 legitur
1171 1071 1286 1132 Monte·

210 1173 370 1252 pessulano
391 1182 478 1251 atque
501 1173 646 1233 Romano.

296 1275 319 1335 t
348 1274 625 1352 Montepessulanus
658 1275 689 1335 in
716 1274 923 1336 bibliothecam
958 1275 1076 1336 scholae
1109 1273 1239 1335 medicae
1271 1293 1286 1334 e

211 1376 395 1438 Bouberiana
418 1377 591 1451 translatuS,
615 1395 740 1438 numero
763 1380 825 1441 212
849 1385 969 1439 notatus
992 1377 1150 1456 (ootolopue
1170 1376 1288 1456 pe'ndrol
1372 1409 1373 1450 i

211 1481 256 1541 des
271 1499 336 1540 mss.
352 1477 365 1538 l
380 1497 410 1558 p.
428 1479 500 1556 374)
524 1480 555 1539 in
571 1479 752 1541 membranis
773 1480 891 1541 saeculo
907 1479 1022 1540 decimo
1039 1480 1169 1559 scriptus
1184 1481 1287 1551 fertur,
1372 1541 1373 1546 ,

211 1591 363 1642 correctus
386 1599 401 1640 a
423 1581 552 1642 secunda
575 1600 675 1654 manu,
698 1581 791 1654 ouius,
816 1583 935 1660 quando
958 1600 1033 1661 opus
1054 1581 1118 1654 luit,
1133 1581 1288 1643 'lectiones
1372 1587 1373 1606 ¹

211 1682 347 1743 adnotavi
370 1682 420 1760 (o).
465 1683 598 1743 continet
620 1683 767 1757 Nonium,
790 1683 940 1756 Persium,
965 1683 1106 1744 Prisciani
1129 1701 1231 1744 versus
1253 1684 1288 1742 de
1372 1755 1373 1772 1

211 1796 252 1846 cst
273 1796 299 1846 et
320 1803 388 1845 non.
433 1785 653 1846 accuratissime
675 1785 711 1846 ab
728 1785 832 1847 Adollo
855 1786 1003 1847 Michaelis
1024 1803 1104 1846 anno
1123 1787 1203 1850 1857
1228 1784 1288 1845 col·
1372 1781 1373 1862 Ῐ

212 1887 303 1950 latum
329 1886 429 1948 habui.

297 1991 321 2051 B
344 1989 433 2050 codex
457 1990 488 2050 in
511 1990 656 2051 tabulario
679 1989 815 2052 basilicae
839 1991 995 2052 Vaticanae
1018 1999 1167 2060 servatur,
1197 1989 1290 2048 inter·
1368 1979 1371 1989 ⁴

211 2092 336 2153 cedente
359 2091 519 2153 Niebuhrio
544 2093 574 2152 in
598 2111 684 2153 usum
702 2092 863 2153 Heinricbii
886 2094 957 2154 satis
979 2092 1136 2170 diligenter
1157 2090 1289 2160 collatus,

211 2195 295 2255 cuius
317 2194 416 2254 denuo
439 2193 616 2273 inspiciendi
640 2195 724 2273 copia
748 2213 845 2272 neque
868 2193 939 2254 mibi
955 2194 1065 2254 Romae
1085 2192 1213 2253 versanti
1237 2210 1289 2251 ne·
1372 2191 1373 2202 ¹

212 2316 270 2376 que
293 2297 456 2357 amicorum
478 2296 726 2376 discipulornmve
750 2297 801 2357 ulli
824 2297 957 2375 quamvis
972 2296 1062 2357 multa
1078 2293 1290 2374 temptantibus
1372 2287 1373 2340 ἕ

211 2416 351 2476 umquam
374 2401 449 2459 lacta
472 2408 525 2459 est.
1372 2479 1373 2490 1

300 2501 454 2580 utriusque
477 2501 586 2563 codicis
610 2501 732 2575 librarii,
755 2520 830 2580 quos
854 2501 927 2561 nibil
950 2518 1051 2560 eorum
1075 2518 1150 2577 quae
1165 2499 1291 2578 scripse·
1372 2503 1373 2590 1

213 2613 285 2664 runt
308 2604 488 2665 intellexisse
510 2605 629 2675 medae,
660 2603 853 2663 ridiculorum
874 2603 1012 2661 vitiorum
1042 2601 1152 2680 largam
1174 2600 1289 2679 copiam

118 2767 122 2774 ,
213 2716 273 2765 tam
296 2705 421 2765 fideliter
443 2704 721 2783 transscripserunt,
743 2713 777 2764 ut
799 2703 908 2781 ubique
930 2705 992 2764 lere
1008 2721 1172 2765 consensus
1188 2720 1292 2764 eorum

214 2806 390 2868 indicandus
419 2815 496 2867 esset
526 2806 586 2882 (a),
623 2825 710 2883 quem
740 2806 782 2866 eis
817 2823 937 2884 quoque
965 2805 1038 2866 locis
1071 2804 1292 2867 subnotandum

215 2907 323 2987 putavi,
348 2906 456 2985 quibus
479 2907 549 2984 quid
573 2909 703 2967 radendo
727 2907 783 2967 iam
807 2907 935 2968 deletum
958 2907 1028 2966 olim
1050 2907 1080 2968 in
1104 2908 1128 2968 A
1149 2907 1292 2985 scriptum
1372 2965 1373 2982 1

216 3010 344 3071 extiterit
367 3017 446 3070 certa
469 3010 641 3070 coniectura
663 3011 780 3088 assequi
802 3010 915 3070 liceret.
958 3009 1124 3072 dissensum
1147 3007 1292 3079 adnotavi,
1372 2999 1373 3076 Ῠ

215 3110 396 3190 ubicumque
425 3111 548 3172 alicuius
568 3112 603 3172 ad
634 3112 765 3173 criticam
789 3112 976 3172 factitandum
1006 3130 1076 3172 usus
1098 3128 1161 3171 esse
1183 3121 1292 3190 posset.
1372 3103 1373 3192 1

217 3213 256 3272 ita
279 3214 386 3274 lactum
410 3223 510 3275 estut
533 3237 553 3276 α
576 3213 639 3274 eius
666 3214 791 3289 codicis,
820 3214 900 3274 unde
928 3213 1068 3293 descripti
1089 3222 1161 3274 suut
1182 3214 1231 3274 tu
1252 3246 1293 3256 -

218 3331 286 3376 nam
310 3325 451 3376 neutrum
474 3335 509 3376 ex
532 3317 624 3376 altero
647 3316 827 3396 descriptum
851 3335 916 3377 esse
938 3316 1103 3377 accuratius
1125 3315 1294 3395 inspicienti

217 3418 330 3497 patebit
357 3453 398 3462 —
428 3418 497 3480 satis
528 3429 697 3479 accuratam
727 3419 885 3498 imaginem
916 3418 1026 3478 reddat.
1069 3418 1159 3478 buius
1185 3416 1295 3477 codicis
1372 3467 1373 3474 1

218 3530 262 3580 tot
285 3530 405 3600 tamque
427 3521 583 3602 pudendos
606 3541 723 3583 errores
739 3521 850 3582 Sabino
876 3521 1023 3600 imputare
1048 3520 1185 3598 iniquum
1209 3521 1294 3578 foret.

219 3621 330 3682 librum
347 3623 475 3701 aliquem
498 3623 648 3685 continuis
663 3623 769 3684 litteris
788 3622 905 3683 nonita
922 3621 1058 3682 distincte
1074 3620 1191 3700 scriptis
1206 3620 1297 3680 inter·

219 3722 289 3784 daim
314 3724 401 3784 etiam
425 3725 558 3787 obscuris
581 3734 729 3786 exaratum
754 3726 824 3785 baec
845 3723 913 3784 vitia
941 3724 1019 3802 apud
1048 3723 1185 3784 indoctos
1207 3723 1295 3784 libra·
1372 3709 1373 3772 l

221 3827 283 3887 rios
305 3845 477 3906 procreasse
500 3827 584 3888 facile
615 3827 812 3906 intellegitur,
842 3827 893 3904 qui
923 3835 1065 3904 quantum
1095 3825 1131 3886 ab
1162 3826 1295 3904 exemplo
1372 3847 1373 3852 ¹

221 3927 382 3990 Sabiniano
406 3930 501 4004 distet,
525 3929 590 4007 quis
612 3929 730 3990 tandem
754 3925 908 3992 aestimet?
