2792 4444
215 231 249 283 vt
663 231 849 286 emulatio

214 405 303 466 etiam
332 404 383 465 ubi
413 423 448 466 er
476 405 657 467 scholiorum
686 405 981 486 interpretationibus
1007 408 1044 469 de
1072 408 1205 490 ipsorum
1232 407 1292 469 lec·

214 506 347 570 tionibus
375 507 445 570 satis
472 517 552 569 certa
582 509 731 570 sententia
761 510 834 571 lerri
862 511 964 590 possit.
1016 511 1184 574 coniunctis
1212 510 1292 572 hisce

214 610 308 689 copiis
330 609 400 689 quid
423 627 459 671 ex
481 611 615 690 exemplo
637 630 691 673 suo
714 620 764 673 eut
786 630 854 674 cum
876 611 934 674 bde
955 621 1006 674 aut
1027 613 1114 693 paulo
1131 612 1291 693 neglegen-

214 711 274 774 tius
300 710 411 773 codicis
441 711 467 772 P
492 712 632 775 librarius
664 714 901 796 transscripserit
935 715 1111 796 plerumque
1145 714 1291 795 explorari

214 823 321 894 potest.
366 815 465 893 itaque
487 814 668 895 ubicumque
696 816 786 878 certis
807 816 974 879 rationibus
1003 817 1040 879 de
1068 817 1195 879 lectione
1217 835 1292 878 eon·

213 915 324 989 stabat,
353 917 449 979 missis
477 917 650 997 ambagibus
677 918 703 979 P
725 927 825 980 notam
848 919 976 981 adhibui.
1021 920 1151 982 eiusdem
1174 919 1291 1000 generis

213 1019 315 1081 codice
337 1037 410 1080 usus
432 1027 478 1081 est
499 1019 644 1100 Georgius
665 1021 746 1082 Valla
769 1021 959 1084 Placentinus
981 1022 1012 1082 in
1035 1021 1180 1094 editione,
1204 1036 1289 1099 quam

214 1121 344 1182 venetiis
366 1139 392 1181 a.
418 1123 499 1187 1486
522 1121 634 1201 publici
656 1123 728 1185 iuris
750 1124 838 1197 lecit,
867 1123 920 1185 ubi
942 1123 1033 1184 Probi
1056 1123 1237 1203 grammatici
1260 1123 1290 1182 io

212 1222 379 1284 iuvenalem
396 1225 625 1286 commentarios
639 1225 696 1287 sibi
712 1234 880 1306 compertos
901 1244 967 1288 csse
989 1226 1060 1287 dicit
1082 1227 1173 1287 mirae
1194 1225 1291 1287 breri-

212 1325 289 1398 tatis,
313 1325 423 1388 codicis
446 1327 570 1388 nimium
593 1327 705 1389 cariosa
728 1335 872 1389 vetustate
894 1327 1068 1408 depravatos
1091 1339 1120 1389 et
1141 1328 1187 1389 rix
1212 1327 1291 1388 tertii

211 1425 279 1487 libri
301 1427 462 1492 secundam
490 1437 619 1490 saturam
642 1429 719 1505 (Vlll
744 1423 817 1506 198)
846 1429 1035 1509 attingentes.
1080 1447 1148 1491 nam
1176 1447 1289 1508 quaec

210 1527 301 1590 Probi
329 1529 601 1609 interpretamentis
629 1540 680 1592 aut
707 1531 796 1612 plene
824 1532 979 1612 descripsit
1007 1539 1058 1592 eut
1085 1531 1205 1612 paulum
1235 1530 1289 1590 im·

211 1632 332 1693 mutatis
353 1632 451 1720 verbis
481 1652 535 1694 suo
565 1635 777 1696 commentario
807 1633 984 1706 immiscuit,
1013 1653 1047 1694 ea
1074 1651 1143 1695 eum
1170 1632 1290 1694 scholiis

212 1731 239 1792 P
259 1733 297 1793 ita
320 1735 507 1814 conspirant,
529 1745 563 1795 ut
584 1754 600 1796 e
623 1737 726 1797 codice
748 1735 847 1809 simili,
869 1737 920 1797 sed
935 1736 1097 1815 integriore
1112 1744 1142 1796 et
1155 1735 1289 1814 pleniore

209 1832 338 1896 derivata
361 1854 426 1897 esse
440 1846 547 1915 pateat.
582 1837 662 1898 unde
678 1837 703 1899 si
718 1837 858 1916 colligere
874 1837 953 1912 licet,
976 1838 1062 1898 etiam
1077 1845 1183 1917 poetae
1202 1835 1290 1898 verba

209 1934 372 2014 cpuriore
403 1955 489 2016 quam
514 1938 541 1999 P
567 1948 612 2000 cst
637 1940 722 2000 toute
753 1939 877 2000 deducta
909 1939 940 2000 in
963 1938 1059 2000 Vallae
1085 1938 1188 2000 codice
1217 1936 1290 1998 exti-

209 2035 295 2110 tisse,
325 2038 372 2099 vix
394 2040 488 2101 maius
511 2039 651 2101 damnum
674 2040 775 2101 critica
797 2041 828 2100 in
851 2040 989 2100 iuvenale
1012 2041 1177 2100 exercenda
1200 2057 1288 2116 quam

209 2137 267 2198 hoc
289 2140 390 2201 codice
413 2142 520 2202 amisso
542 2142 665 2219 accepit.
706 2141 784 2200 Valla
801 2140 891 2214 euim,
915 2140 966 2218 qui
989 2159 1027 2202 ne
1042 2140 1153 2200 scholia
1169 2138 1287 2218 quidem
1374 2188 1375 2213 ,

208 2257 244 2300 ea
267 2258 355 2319 quam
377 2242 464 2304 hodie
486 2242 635 2304 desideres
656 2242 810 2321 diligentia
832 2241 982 2314 tractavit,
1005 2242 1036 2302 in
1059 2249 1164 2320 poetae
1190 2239 1288 2302 verbis

208 2342 401 2404 recensendis
429 2343 539 2405 codicis
560 2344 606 2405 sui
628 2343 739 2405 nullam
768 2345 830 2404 lere
852 2343 998 2404 rationem
1026 2342 1138 2405 habuit.
1182 2342 1288 2404 tertius

208 2442 340 2508 eiusdem
362 2447 481 2524 generis
503 2447 612 2521 codex,
640 2447 725 2508 cuius
746 2455 867 2508 tenuem
890 2454 1005 2508 tantum
1029 2446 1201 2506 memoriam
1223 2462 1287 2506 ser·

208 2560 302 2611 ratam
331 2547 490 2621 habemus,
520 2549 591 2612 olim
622 2549 652 2609 in
682 2549 854 2610 monasterii
882 2547 1081 2626 sangallensis
1111 2545 1287 2607 bibliotheca

208 2650 412 2714 asservabatur
434 2651 469 2724 (u
493 2652 577 2723 304),
597 2650 630 2709 in
653 2650 738 2710 euius
756 2649 888 2727 catalogo
910 2648 1190 2713 allclbioa.1759
1213 2665 1287 2707 con-

208 2754 288 2814 lecto
310 2751 427 2813 saeculo
451 2753 512 2811 lere
534 2750 648 2812 dommo
671 2751 800 2830 scriptus
821 2749 989 2812 iuvenalem
1009 2769 1076 2812 cum
1097 2755 1174 2813 uotis
1194 2753 1286 2830 senae

205 2857 353 2938 metuis
375 2863 404 2914 et
426 2852 522 2914 Persii
541 2851 637 2916 Floret
657 2853 725 2915 Aula
753 2863 866 2932 setprcs
892 2852 1101 2916 Thebaidorum
1130 2855 1287 2916 continere

209 2958 344 3018 traditur.
382 2973 484 3016 verum
507 2956 557 3016 diu
580 2965 625 3016 est
647 2975 683 3016 ex
704 2973 764 3034 quo
787 2956 836 3016 bic
859 2957 951 3018 codex
974 2956 1183 3020 ebibliotheca
1206 2957 1286 3018 trau·

208 3061 245 3122 de
261 3060 356 3138 aliqua
372 3057 486 3120 ablatus
500 3067 555 3132 est,
579 3057 702 3120 necubi
718 3057 870 3121 deliteseat
884 3059 971 3120 hodie
986 3066 1112 3120 constat.
1151 3077 1219 3120 nam
1235 3061 1287 3138 qui

209 3161 367 3226 novissime
391 3161 454 3222 eius
469 3161 651 3222 mentionem
667 3161 737 3222 lecit
753 3161 794 3221 lo.
812 3161 903 3222 llenr.
920 3160 1041 3223 Vossius
1056 3162 1159 3240 (prael.
1175 3160 1286 3222 l'ibulli

208 3283 239 3344 p.
253 3263 371 3325 XXVlll
386 3265 454 3342 sp),
477 3263 502 3324 is
523 3282 584 3324 non
602 3261 733 3324 codicem
755 3262 929 3342 inspexisse,
951 3263 1003 3325 sed
1025 3262 1189 3343 catalogum
1214 3283 1287 3325 con·

208 3366 334 3427 suluisse
356 3363 507 3444 putandus
529 3364 594 3426 erit.
637 3363 707 3424 luric
729 3373 828 3425 autem
851 3364 945 3425 codici
973 3383 1042 3425 cum
1066 3364 1092 3425 P
1112 3365 1286 3426 convenisse
1370 3369 1371 3432 l

209 3479 327 3546 praeter
349 3465 566 3530 Thebaidorum
594 3467 624 3527 in
648 3464 741 3528 Persii
769 3465 854 3528 titulo
881 3467 1041 3546 permiram
1073 3485 1287 3528 commemora-

208 3570 321 3630 tionem
348 3569 459 3630 docent
486 3568 596 3630 scholia
625 3569 655 3628 in
685 3567 863 3630 Iuvenalem.
922 3587 1019 3648 neque
1049 3569 1128 3632 enim
1158 3569 1287 3630 dubitari

209 3679 315 3750 potest,
339 3670 410 3748 quin
432 3688 468 3731 cs
491 3670 548 3730 hoc
571 3669 647 3731 libro
668 3669 822 3749 deperdito
839 3670 908 3732 olim
932 3669 1079 3750 descripta
1101 3671 1160 3732 sint
1175 3672 1286 3733 scholia
1369 3721 1370 3728 ,

208 3771 240 3832 in
264 3772 365 3834 codice
386 3770 614 3836 membranaceo
636 3789 712 3833 saec.
735 3770 776 3832 lll
797 3773 929 3834 eiusdem
952 3771 1148 3834 bibliothecae
1163 3772 1286 3852 Sangal-

207 3873 300 3936 lensis
322 3874 358 3952 (u
381 3877 456 3951 tte)
478 3873 648 3935 etiamnunc
671 3875 807 3935 extantia.
853 3891 887 3935 ea
909 3873 1029 3936 scholiis
1051 3873 1079 3936 P
1098 3875 1128 3935 in
1153 3875 1287 3936 maximis

207 3976 337 4038 minimis
364 3984 424 4037 tam
451 3975 557 4038 similia
585 3984 671 4050 sunt,
706 3984 740 4036 ut
771 3994 808 4038 err
837 3976 941 4038 eodem
970 3978 1053 4038 tonte
1080 3987 1206 4056 uuaque
1233 3976 1286 4038 de·
