<?xml version="1.0" encoding="UTF-8"?>
<!DOCTYPE html PUBLIC "-//W3C//DTD XHTML 1.0 Transitional//EN"
    "http://www.w3.org/TR/xhtml1/DTD/xhtml1-transitional.dtd">
<html xmlns="http://www.w3.org/1999/xhtml" xml:lang="en" lang="en">
 <head>
  <title>
</title>
<meta http-equiv="Content-Type" content="text/html;charset=utf-8" />
  <meta name='ocr-system' content='tesseract 3.04.00' />
  <meta name='ocr-capabilities' content='ocr_page ocr_carea ocr_par ocr_line ocrx_word'/>
</head>
<body>
  <div class='ocr_page' id='page_1' title='image "apersiiflaccidi01sulpgoog_0048.png"; bbox 0 0 2792 4444; ppageno 0'>
   <div class='ocr_carea' id='block_1_1' title="bbox 599 205 830 272">
    <p class='ocr_par' dir='ltr' id='par_1_1' title="bbox 599 205 830 272">
     <span class='ocr_line' id='line_1_1' title="bbox 599 205 830 272; baseline 0 -12"><span class='ocrx_word' id='word_1_1' title='bbox 599 205 732 260; x_wconf 81' lang='lat' dir='ltr'>SATVRA</span> <span class='ocrx_word' id='word_1_2' title='bbox 748 207 778 260; x_wconf 91' lang='lat' dir='ltr'>lll</span> <span class='ocrx_word' id='word_1_3' title='bbox 829 267 830 272; x_wconf 9' lang='grc' dir='ltr'><strong>Ἰ</strong></span> 
     </span>
    </p>
   </div>
   <div class='ocr_carea' id='block_1_2' title="bbox 156 380 1231 1141">
    <p class='ocr_par' dir='ltr' id='par_1_2' title="bbox 157 380 976 460">
     <span class='ocr_line' id='line_1_2' title="bbox 157 380 976 460; baseline 0.002 -19"><span class='ocrx_word' id='word_1_4' title='bbox 157 381 229 442; x_wconf 91' lang='lat' dir='ltr'>baut</span> <span class='ocrx_word' id='word_1_5' title='bbox 251 380 306 442; x_wconf 95' lang='lat' dir='ltr'>tibi</span> <span class='ocrx_word' id='word_1_6' title='bbox 326 383 513 459; x_wconf 89' lang='lat' dir='ltr'>inexpertum</span> <span class='ocrx_word' id='word_1_7' title='bbox 535 397 641 441; x_wconf 87' lang='lat' dir='ltr'>curvos</span> <span class='ocrx_word' id='word_1_8' title='bbox 662 381 846 460; x_wconf 80' lang='lat' dir='ltr'>deprendere</span> <span class='ocrx_word' id='word_1_9' title='bbox 868 399 976 454; x_wconf 87' lang='lat' dir='ltr'>mores,</span> 
     </span>
    </p>

    <p class='ocr_par' dir='ltr' id='par_1_3' title="bbox 158 464 908 545">
     <span class='ocr_line' id='line_1_3' title="bbox 158 464 908 545; baseline 0.001 -19"><span class='ocrx_word' id='word_1_10' title='bbox 158 483 294 545; x_wconf 92' lang='lat' dir='ltr'>quaeque</span> <span class='ocrx_word' id='word_1_11' title='bbox 315 466 402 527; x_wconf 91' lang='lat' dir='ltr'>docet</span> <span class='ocrx_word' id='word_1_12' title='bbox 422 466 541 545; x_wconf 91' lang='lat' dir='ltr'>sapiens</span> <span class='ocrx_word' id='word_1_13' title='bbox 563 464 690 527; x_wconf 90' lang='lat' dir='ltr'>bracatis</span> <span class='ocrx_word' id='word_1_14' title='bbox 711 465 794 526; x_wconf 90' lang='lat' dir='ltr'>inlita</span> <span class='ocrx_word' id='word_1_15' title='bbox 816 466 908 527; x_wconf 88' lang='lat' dir='ltr'>Medis</span> 
     </span>
    </p>

    <p class='ocr_par' dir='ltr' id='par_1_4' title="bbox 157 549 951 630">
     <span class='ocr_line' id='line_1_4' title="bbox 157 549 951 630; baseline 0.001 -19"><span class='ocrx_word' id='word_1_16' title='bbox 157 552 300 630; x_wconf 72' lang='lat' dir='ltr'>portione,</span> <span class='ocrx_word' id='word_1_17' title='bbox 322 550 467 612; x_wconf 91' lang='lat' dir='ltr'>insomnis</span> <span class='ocrx_word' id='word_1_18' title='bbox 489 549 598 630; x_wconf 92' lang='lat' dir='ltr'>quibus</span> <span class='ocrx_word' id='word_1_19' title='bbox 620 560 650 612; x_wconf 90' lang='lat' dir='ltr'>et</span> <span class='ocrx_word' id='word_1_20' title='bbox 670 552 793 613; x_wconf 85' lang='lat' dir='ltr'>detonsa</span> <span class='ocrx_word' id='word_1_21' title='bbox 814 551 951 612; x_wconf 89' lang='lat' dir='ltr'>iuventus</span> 
     </span>
    </p>

    <p class='ocr_par' dir='ltr' id='par_1_5' title="bbox 157 636 852 716">
     <span class='ocr_line' id='line_1_5' title="bbox 157 636 852 716; baseline -0.001 -19"><span class='ocrx_word' id='word_1_22' title='bbox 157 636 290 714; x_wconf 89' lang='lat' dir='ltr'>invigilat</span> <span class='ocrx_word' id='word_1_23' title='bbox 310 636 423 714; x_wconf 85' lang='lat' dir='ltr'>siliquis</span> <span class='ocrx_word' id='word_1_24' title='bbox 444 645 474 696; x_wconf 90' lang='lat' dir='ltr'>et</span> <span class='ocrx_word' id='word_1_25' title='bbox 495 636 598 715; x_wconf 91' lang='lat' dir='ltr'>grandi</span> <span class='ocrx_word' id='word_1_26' title='bbox 620 646 702 715; x_wconf 88' lang='lat' dir='ltr'>pasta</span> <span class='ocrx_word' id='word_1_27' title='bbox 724 637 852 716; x_wconf 83' lang='lat' dir='ltr'>polenta.</span> 
     </span>
    </p>

    <p class='ocr_par' dir='ltr' id='par_1_6' title="bbox 157 721 886 800">
     <span class='ocr_line' id='line_1_6' title="bbox 157 721 886 800; baseline 0 -18"><span class='ocrx_word' id='word_1_28' title='bbox 157 729 187 782; x_wconf 91' lang='lat' dir='ltr'>et</span> <span class='ocrx_word' id='word_1_29' title='bbox 207 721 271 796; x_wconf 86' lang='lat' dir='ltr'>tibi,</span> <span class='ocrx_word' id='word_1_30' title='bbox 294 738 369 800; x_wconf 85' lang='lat' dir='ltr'>quae</span> <span class='ocrx_word' id='word_1_31' title='bbox 391 721 505 782; x_wconf 88' lang='lat' dir='ltr'>Samios</span> <span class='ocrx_word' id='word_1_32' title='bbox 526 721 639 782; x_wconf 84' lang='lat' dir='ltr'>diduxit</span> <span class='ocrx_word' id='word_1_33' title='bbox 660 721 757 782; x_wconf 88' lang='lat' dir='ltr'>littera</span> <span class='ocrx_word' id='word_1_34' title='bbox 778 739 886 794; x_wconf 88' lang='lat' dir='ltr'>ramos,</span> 
     </span>
    </p>

    <p class='ocr_par' dir='ltr' id='par_1_7' title="bbox 157 806 897 884">
     <span class='ocr_line' id='line_1_7' title="bbox 157 806 897 884; baseline -0.003 -16"><span class='ocrx_word' id='word_1_35' title='bbox 157 816 327 884; x_wconf 83' lang='lat' dir='ltr'>surgentem</span> <span class='ocrx_word' id='word_1_36' title='bbox 350 806 452 867; x_wconf 90' lang='lat' dir='ltr'>dextro</span> <span class='ocrx_word' id='word_1_37' title='bbox 473 807 648 868; x_wconf 89' lang='lat' dir='ltr'>monstravit</span> <span class='ocrx_word' id='word_1_38' title='bbox 661 807 760 880; x_wconf 54' lang='lat' dir='ltr'>‚limite</span> <span class='ocrx_word' id='word_1_39' title='bbox 782 807 897 867; x_wconf 91' lang='lat' dir='ltr'>collem.</span> 
     </span>
    </p>

    <p class='ocr_par' dir='ltr' id='par_1_8' title="bbox 156 891 933 970">
     <span class='ocr_line' id='line_1_8' title="bbox 156 891 933 970; baseline 0 -18"><span class='ocrx_word' id='word_1_40' title='bbox 156 892 256 953; x_wconf 89' lang='lat' dir='ltr'>stertis</span> <span class='ocrx_word' id='word_1_41' title='bbox 278 891 373 953; x_wconf 89' lang='lat' dir='ltr'>adbuc</span> <span class='ocrx_word' id='word_1_42' title='bbox 394 891 552 969; x_wconf 85' lang='lat' dir='ltr'>laxumque</span> <span class='ocrx_word' id='word_1_43' title='bbox 574 899 663 970; x_wconf 91' lang='lat' dir='ltr'>caput</span> <span class='ocrx_word' id='word_1_44' title='bbox 684 909 817 970; x_wconf 80' lang='lat' dir='ltr'>conpage</span> <span class='ocrx_word' id='word_1_45' title='bbox 839 893 933 954; x_wconf 91' lang='lat' dir='ltr'>soluta</span> 
     </span>
    </p>

    <p class='ocr_par' dir='ltr' id='par_1_9' title="bbox 158 975 874 1056">
     <span class='ocr_line' id='line_1_9' title="bbox 158 975 874 1056; baseline 0.003 -20"><span class='ocrx_word' id='word_1_46' title='bbox 158 977 262 1038; x_wconf 89' lang='lat' dir='ltr'>oscitat</span> <span class='ocrx_word' id='word_1_47' title='bbox 283 977 455 1037; x_wconf 91' lang='lat' dir='ltr'>hesternum</span> <span class='ocrx_word' id='word_1_48' title='bbox 478 975 596 1038; x_wconf 78' lang='lat' dir='ltr'>dissutis</span> <span class='ocrx_word' id='word_1_49' title='bbox 616 977 748 1056; x_wconf 92' lang='lat' dir='ltr'>undique</span> <span class='ocrx_word' id='word_1_50' title='bbox 770 975 874 1038; x_wconf 78' lang='lat' dir='ltr'>malis?</span> 
     </span>
    </p>

    <p class='ocr_par' dir='ltr' id='par_1_10' title="bbox 157 1061 1231 1141">
     <span class='ocr_line' id='line_1_10' title="bbox 157 1061 1231 1141; baseline -0.001 -19"><span class='ocrx_word' id='word_1_51' title='bbox 157 1070 202 1122; x_wconf 90' lang='lat' dir='ltr'>est</span> <span class='ocrx_word' id='word_1_52' title='bbox 224 1061 332 1141; x_wconf 86' lang='lat' dir='ltr'>aliquid</span> <span class='ocrx_word' id='word_1_53' title='bbox 355 1080 413 1140; x_wconf 93' lang='lat' dir='ltr'>quo</span> <span class='ocrx_word' id='word_1_54' title='bbox 435 1061 533 1122; x_wconf 90' lang='lat' dir='ltr'>tendis</span> <span class='ocrx_word' id='word_1_55' title='bbox 554 1071 585 1122; x_wconf 86' lang='lat' dir='ltr'>et</span> <span class='ocrx_word' id='word_1_56' title='bbox 604 1061 636 1122; x_wconf 94' lang='lat' dir='ltr'>in</span> <span class='ocrx_word' id='word_1_57' title='bbox 659 1063 739 1141; x_wconf 92' lang='lat' dir='ltr'>quod</span> <span class='ocrx_word' id='word_1_58' title='bbox 760 1062 868 1140; x_wconf 89' lang='lat' dir='ltr'>derigis</span> <span class='ocrx_word' id='word_1_59' title='bbox 890 1079 1000 1136; x_wconf 85' lang='lat' dir='ltr'>arcum,</span> <span class='ocrx_word' id='word_1_60' title='bbox 1200 1070 1231 1121; x_wconf 80' lang='lat' dir='ltr'>co</span> 
     </span>
    </p>
   </div>
   <div class='ocr_carea' id='block_1_3' title="bbox 154 1232 1232 2411">
    <p class='ocr_par' dir='ltr' id='par_1_11' title="bbox 155 1232 1231 2070">
     <span class='ocr_line' id='line_1_11' title="bbox 246 1232 1231 1309; baseline 0 -19"><span class='ocrx_word' id='word_1_61' title='bbox 246 1233 284 1290; x_wconf 85' lang='lat'>52</span> <span class='ocrx_word' id='word_1_62' title='bbox 308 1241 355 1289; x_wconf 90' lang='lat' dir='ltr'>aut</span> <span class='ocrx_word' id='word_1_63' title='bbox 375 1233 565 1307; x_wconf 79' lang='lat' dir='ltr'>interrogative</span> <span class='ocrx_word' id='word_1_64' title='bbox 586 1243 632 1291; x_wconf 92' lang='lat' dir='ltr'>aut</span> <span class='ocrx_word' id='word_1_65' title='bbox 653 1235 853 1307; x_wconf 83' lang='lat' dir='ltr'>pronuntiative</span> <span class='ocrx_word' id='word_1_66' title='bbox 874 1234 1024 1309; x_wconf 86' lang='lat' dir='ltr'>legendum.</span> <span class='ocrx_word' id='word_1_67' title='bbox 1047 1249 1102 1289; x_wconf 89' lang='lat' dir='ltr'>non</span> <span class='ocrx_word' id='word_1_68' title='bbox 1117 1232 1154 1288; x_wconf 93' lang='lat' dir='ltr'>illi</span> <span class='ocrx_word' id='word_1_69' title='bbox 1172 1249 1231 1290; x_wconf 84' lang='lat' dir='ltr'>esse</span> 
     </span>
     <span class='ocr_line' id='line_1_12' title="bbox 156 1317 1230 1393; baseline 0.002 -21"><span class='ocrx_word' id='word_1_70' title='bbox 156 1317 323 1391; x_wconf 88' lang='lat' dir='ltr'>incognitum</span> <span class='ocrx_word' id='word_1_71' title='bbox 350 1335 448 1392; x_wconf 89' lang='lat' dir='ltr'>pravos</span> <span class='ocrx_word' id='word_1_72' title='bbox 477 1327 505 1375; x_wconf 90' lang='lat' dir='ltr'>et</span> <span class='ocrx_word' id='word_1_73' title='bbox 535 1328 627 1392; x_wconf 84' lang='lat' dir='ltr'>turpes</span> <span class='ocrx_word' id='word_1_74' title='bbox 660 1326 687 1374; x_wconf 92' lang='lat' dir='ltr'>et</span> <span class='ocrx_word' id='word_1_75' title='bbox 718 1329 860 1393; x_wconf 82' lang='lat' dir='ltr'>peccantes</span> <span class='ocrx_word' id='word_1_76' title='bbox 891 1336 997 1384; x_wconf 87' lang='lat' dir='ltr'>mores,</span> <span class='ocrx_word' id='word_1_77' title='bbox 1031 1335 1101 1392; x_wconf 88' lang='lat' dir='ltr'>quos</span> <span class='ocrx_word' id='word_1_78' title='bbox 1134 1335 1230 1375; x_wconf 83' lang='lat' dir='ltr'>curvos</span> 
     </span>
     <span class='ocr_line' id='line_1_13' title="bbox 157 1401 1230 1478; baseline 0 -20"><span class='ocrx_word' id='word_1_79' title='bbox 157 1401 334 1476; x_wconf 89' lang='lat' dir='ltr'>appellavita</span> <span class='ocrx_word' id='word_1_80' title='bbox 363 1419 478 1476; x_wconf 90' lang='lat' dir='ltr'>corpore</span> <span class='ocrx_word' id='word_1_81' title='bbox 506 1421 605 1468; x_wconf 90' lang='lat' dir='ltr'>curvo,</span> <span class='ocrx_word' id='word_1_82' title='bbox 634 1403 778 1477; x_wconf 87' lang='lat' dir='ltr'>corripere.</span> <span class='ocrx_word' id='word_1_83' title='bbox 807 1421 909 1478; x_wconf 83' lang='lat' dir='ltr'>ergone</span> <span class='ocrx_word' id='word_1_84' title='bbox 931 1403 1019 1460; x_wconf 91' lang='lat' dir='ltr'>vidisti</span> <span class='ocrx_word' id='word_1_85' title='bbox 1040 1405 1162 1460; x_wconf 88' lang='lat' dir='ltr'>dextrum</span> <span class='ocrx_word' id='word_1_86' title='bbox 1183 1403 1230 1458; x_wconf 90' lang='lat' dir='ltr'>lit·</span> 
     </span>
     <span class='ocr_line' id='line_1_14' title="bbox 156 1484 1231 1562; baseline 0 -19"><span class='ocrx_word' id='word_1_87' title='bbox 156 1496 229 1544; x_wconf 90' lang='lat' dir='ltr'>terae</span> <span class='ocrx_word' id='word_1_88' title='bbox 250 1484 464 1561; x_wconf 72' lang='lat' dir='ltr'>Pythagoricae?</span> <span class='ocrx_word' id='word_1_89' title='bbox 556 1498 602 1546; x_wconf 93' lang='lat' dir='ltr'>aut</span> <span class='ocrx_word' id='word_1_90' title='bbox 630 1489 714 1561; x_wconf 90' lang='lat' dir='ltr'>magis</span> <span class='ocrx_word' id='word_1_91' title='bbox 741 1490 953 1562; x_wconf 89' lang='lat' dir='ltr'>pronuntiative:</span> <span class='ocrx_word' id='word_1_92' title='bbox 984 1496 1057 1545; x_wconf 88' lang='lat' dir='ltr'>certe</span> <span class='ocrx_word' id='word_1_93' title='bbox 1084 1488 1231 1561; x_wconf 80' lang='lat' dir='ltr'>degustasti</span> 
     </span>
     <span class='ocr_line' id='line_1_15' title="bbox 156 1572 1231 1648; baseline 0.002 -21"><span class='ocrx_word' id='word_1_94' title='bbox 156 1572 361 1646; x_wconf 79' lang='lat' dir='ltr'>philosophiam.</span> <span class='ocrx_word' id='word_1_95' title='bbox 450 1576 487 1631; x_wconf 87' lang='grc'>53</span> <span class='ocrx_word' id='word_1_96' title='bbox 512 1591 633 1648; x_wconf 91' lang='lat' dir='ltr'>quaeque</span> <span class='ocrx_word' id='word_1_97' title='bbox 655 1574 735 1630; x_wconf 89' lang='lat' dir='ltr'>docet</span> <span class='ocrx_word' id='word_1_98' title='bbox 759 1574 874 1648; x_wconf 84' lang='lat' dir='ltr'>sapiens.</span> <span class='ocrx_word' id='word_1_99' title='bbox 919 1572 1120 1630; x_wconf 78' lang='lat' dir='ltr'>Atheniensium</span> <span class='ocrx_word' id='word_1_100' title='bbox 1141 1572 1231 1647; x_wconf 89' lang='lat' dir='ltr'>porti-</span> 
     </span>
     <span class='ocr_line' id='line_1_16' title="bbox 157 1657 1231 1732; baseline -0.001 -18"><span class='ocrx_word' id='word_1_101' title='bbox 157 1673 217 1714; x_wconf 94' lang='lat' dir='ltr'>cum</span> <span class='ocrx_word' id='word_1_102' title='bbox 240 1657 317 1722; x_wconf 91' lang='lat' dir='ltr'>dicit,</span> <span class='ocrx_word' id='word_1_103' title='bbox 346 1658 373 1713; x_wconf 90' lang='lat' dir='ltr'>in</span> <span class='ocrx_word' id='word_1_104' title='bbox 402 1675 455 1732; x_wconf 91' lang='lat' dir='ltr'>qua</span> <span class='ocrx_word' id='word_1_105' title='bbox 486 1657 556 1731; x_wconf 91' lang='lat' dir='ltr'>picta</span> <span class='ocrx_word' id='word_1_106' title='bbox 578 1667 747 1732; x_wconf 87' lang='lat' dir='ltr'>eratpugna</span> <span class='ocrx_word' id='word_1_107' title='bbox 769 1659 973 1716; x_wconf 76' lang='lat' dir='ltr'>Atheniensium</span> <span class='ocrx_word' id='word_1_108' title='bbox 995 1665 1152 1723; x_wconf 91' lang='lat' dir='ltr'>eteorum,</span> <span class='ocrx_word' id='word_1_109' title='bbox 1185 1657 1231 1732; x_wconf 92' lang='lat' dir='ltr'>qui</span> 
     </span>
     <span class='ocr_line' id='line_1_17' title="bbox 158 1743 1230 1817; baseline 0.001 -19"><span class='ocrx_word' id='word_1_110' title='bbox 158 1758 219 1798; x_wconf 89' lang='lat' dir='ltr'>cum</span> <span class='ocrx_word' id='word_1_111' title='bbox 242 1743 321 1798; x_wconf 86' lang='lat' dir='ltr'>Persa</span> <span class='ocrx_word' id='word_1_112' title='bbox 343 1743 376 1799; x_wconf 90' lang='lat' dir='ltr'>ad</span> <span class='ocrx_word' id='word_1_113' title='bbox 398 1744 607 1817; x_wconf 88' lang='lat' dir='ltr'>oppugnandam</span> <span class='ocrx_word' id='word_1_114' title='bbox 629 1744 764 1800; x_wconf 86' lang='lat' dir='ltr'>Graeciam</span> <span class='ocrx_word' id='word_1_115' title='bbox 785 1753 930 1809; x_wconf 90' lang='lat' dir='ltr'>venerant,</span> <span class='ocrx_word' id='word_1_116' title='bbox 954 1752 1030 1816; x_wconf 89' lang='lat' dir='ltr'>gesta</span> <span class='ocrx_word' id='word_1_117' title='bbox 1051 1744 1122 1817; x_wconf 94' lang='lat' dir='ltr'>apud</span> <span class='ocrx_word' id='word_1_118' title='bbox 1143 1743 1230 1799; x_wconf 86' lang='lat' dir='ltr'>blara·</span> 
     </span>
     <span class='ocr_line' id='line_1_18' title="bbox 157 1826 1230 1903; baseline 0.002 -21"><span class='ocrx_word' id='word_1_119' title='bbox 157 1826 266 1883; x_wconf 90' lang='lat' dir='ltr'>thonics</span> <span class='ocrx_word' id='word_1_120' title='bbox 289 1843 407 1900; x_wconf 90' lang='lat' dir='ltr'>campos.</span> <span class='ocrx_word' id='word_1_121' title='bbox 452 1844 531 1900; x_wconf 61' lang='lat' dir='ltr'>mam</span> <span class='ocrx_word' id='word_1_122' title='bbox 546 1829 681 1900; x_wconf 90' lang='lat' dir='ltr'>porticum</span> <span class='ocrx_word' id='word_1_123' title='bbox 696 1828 843 1902; x_wconf 89' lang='lat' dir='ltr'>sapientem</span> <span class='ocrx_word' id='word_1_124' title='bbox 859 1829 931 1893; x_wconf 83' lang='lat' dir='ltr'>dixit,</span> <span class='ocrx_word' id='word_1_125' title='bbox 956 1829 1083 1903; x_wconf 89' lang='lat' dir='ltr'>quoniam</span> <span class='ocrx_word' id='word_1_126' title='bbox 1097 1827 1230 1902; x_wconf 86' lang='lat' dir='ltr'>sapientes</span> 
     </span>
     <span class='ocr_line' id='line_1_19' title="bbox 155 1909 1231 1987; baseline 0.005 -22"><span class='ocrx_word' id='word_1_127' title='bbox 155 1910 183 1966; x_wconf 95' lang='lat' dir='ltr'>in</span> <span class='ocrx_word' id='word_1_128' title='bbox 206 1927 235 1966; x_wconf 91' lang='lat' dir='ltr'>ea</span> <span class='ocrx_word' id='word_1_129' title='bbox 256 1909 524 1984; x_wconf 87' lang='lat' dir='ltr'>philosophabantur.</span> <span class='ocrx_word' id='word_1_130' title='bbox 569 1929 602 1968; x_wconf 87' lang='lat' dir='ltr'>ex</span> <span class='ocrx_word' id='word_1_131' title='bbox 623 1929 676 1986; x_wconf 90' lang='lat' dir='ltr'>qua</span> <span class='ocrx_word' id='word_1_132' title='bbox 691 1913 769 1968; x_wconf 88' lang='lat' dir='ltr'>etiam</span> <span class='ocrx_word' id='word_1_133' title='bbox 784 1913 861 1970; x_wconf 89' lang='lat' dir='ltr'>stoici</span> <span class='ocrx_word' id='word_1_134' title='bbox 877 1913 940 1969; x_wconf 90' lang='lat' dir='ltr'>dicti</span> <span class='ocrx_word' id='word_1_135' title='bbox 955 1923 1027 1978; x_wconf 89' lang='lat' dir='ltr'>sunt,</span> <span class='ocrx_word' id='word_1_136' title='bbox 1050 1929 1146 1987; x_wconf 88' lang='lat' dir='ltr'>graece</span> <span class='ocrx_word' id='word_1_137' title='bbox 1161 1914 1231 1970; x_wconf 91' lang='lat' dir='ltr'>euim</span> 
     </span>
     <span class='ocr_line' id='line_1_20' title="bbox 156 1989 1147 2070; baseline 0.006 -18"><span class='ocrx_word' id='word_1_138' title='bbox 156 1995 278 2070; x_wconf 85' lang='lat' dir='ltr'>porticus</span> <span class='ocrx_word' id='word_1_139' title='bbox 301 1989 381 2057; x_wconf 80' lang='grc' dir='ltr'><em>στοά</em></span> <span class='ocrx_word' id='word_1_140' title='bbox 403 1996 508 2053; x_wconf 87' lang='lat' dir='ltr'>dicitur.</span> <span class='ocrx_word' id='word_1_141' title='bbox 553 2014 634 2070; x_wconf 84' lang='lat' dir='ltr'>quarn</span> <span class='ocrx_word' id='word_1_142' title='bbox 656 1997 733 2054; x_wconf 83' lang='lat' dir='ltr'>etiam</span> <span class='ocrx_word' id='word_1_143' title='bbox 754 1991 1017 2059; x_wconf 77' lang='grc' dir='ltr'><em>Πεισιανάκτειον</em></span> <span class='ocrx_word' id='word_1_144' title='bbox 1039 2005 1147 2054; x_wconf 81' lang='lat' dir='ltr'>vocant.</span> 
     </span>
    </p>

    <p class='ocr_par' dir='ltr' id='par_1_12' title="bbox 154 2081 1232 2411">
     <span class='ocr_line' id='line_1_21' title="bbox 242 2081 1232 2154; baseline -0.002 -14"><span class='ocrx_word' id='word_1_145' title='bbox 242 2083 281 2140; x_wconf 87' lang='grc'>55</span> <span class='ocrx_word' id='word_1_146' title='bbox 305 2081 472 2139; x_wconf 85' lang='lat' dir='ltr'>naturalibus</span> <span class='ocrx_word' id='word_1_147' title='bbox 501 2081 566 2138; x_wconf 90' lang='lat' dir='ltr'>cibis</span> <span class='ocrx_word' id='word_1_148' title='bbox 593 2083 682 2139; x_wconf 87' lang='lat' dir='ltr'>virere</span> <span class='ocrx_word' id='word_1_149' title='bbox 710 2091 850 2148; x_wconf 89' lang='lat' dir='ltr'>contenta,</span> <span class='ocrx_word' id='word_1_150' title='bbox 883 2083 908 2138; x_wconf 93' lang='lat' dir='ltr'>id</span> <span class='ocrx_word' id='word_1_151' title='bbox 939 2092 979 2140; x_wconf 92' lang='lat' dir='ltr'>est</span> <span class='ocrx_word' id='word_1_152' title='bbox 1004 2081 1182 2154; x_wconf 87' lang='lat' dir='ltr'>leguminibus</span> <span class='ocrx_word' id='word_1_153' title='bbox 1205 2089 1232 2138; x_wconf 93' lang='lat' dir='ltr'>et</span> 
     </span>
     <span class='ocr_line' id='line_1_22' title="bbox 154 2164 1232 2242; baseline 0 -20"><span class='ocrx_word' id='word_1_154' title='bbox 154 2164 235 2224; x_wconf 82' lang='lat' dir='ltr'>farre.</span> <span class='ocrx_word' id='word_1_155' title='bbox 279 2166 320 2222; x_wconf 86' lang='lat' dir='ltr'>rel</span> <span class='ocrx_word' id='word_1_156' title='bbox 341 2167 413 2224; x_wconf 85' lang='lat' dir='ltr'>victu</span> <span class='ocrx_word' id='word_1_157' title='bbox 434 2167 505 2224; x_wconf 82' lang='lat' dir='ltr'>facili</span> <span class='ocrx_word' id='word_1_158' title='bbox 527 2169 642 2224; x_wconf 80' lang='lat' dir='ltr'>esuriem</span> <span class='ocrx_word' id='word_1_159' title='bbox 665 2184 739 2224; x_wconf 85' lang='lat' dir='ltr'>suam</span> <span class='ocrx_word' id='word_1_160' title='bbox 762 2167 885 2241; x_wconf 89' lang='lat' dir='ltr'>impleus.</span> <span class='ocrx_word' id='word_1_161' title='bbox 928 2176 975 2225; x_wconf 87' lang='lat' dir='ltr'>aut</span> <span class='ocrx_word' id='word_1_162' title='bbox 996 2167 1056 2242; x_wconf 92' lang='lat' dir='ltr'>quia</span> <span class='ocrx_word' id='word_1_163' title='bbox 1077 2165 1232 2241; x_wconf 87' lang='lat' dir='ltr'>philosophi</span> 
     </span>
     <span class='ocr_line' id='line_1_23' title="bbox 154 2252 1231 2317; baseline 0.003 -11"><span class='ocrx_word' id='word_1_164' title='bbox 154 2265 211 2307; x_wconf 90' lang='lat' dir='ltr'>non</span> <span class='ocrx_word' id='word_1_165' title='bbox 240 2260 351 2308; x_wconf 91' lang='lat' dir='ltr'>utantur</span> <span class='ocrx_word' id='word_1_166' title='bbox 381 2269 476 2317; x_wconf 90' lang='lat' dir='ltr'>carne,</span> <span class='ocrx_word' id='word_1_167' title='bbox 513 2253 631 2309; x_wconf 86' lang='lat' dir='ltr'>dicentes</span> <span class='ocrx_word' id='word_1_168' title='bbox 659 2253 759 2309; x_wconf 91' lang='lat' dir='ltr'>animas</span> <span class='ocrx_word' id='word_1_169' title='bbox 786 2252 923 2310; x_wconf 85' lang='lat' dir='ltr'>animabus</span> <span class='ocrx_word' id='word_1_170' title='bbox 950 2270 1007 2310; x_wconf 92' lang='lat' dir='ltr'>non</span> <span class='ocrx_word' id='word_1_171' title='bbox 1034 2252 1131 2310; x_wconf 91' lang='lat' dir='ltr'>debere</span> <span class='ocrx_word' id='word_1_172' title='bbox 1165 2252 1231 2309; x_wconf 87' lang='lat' dir='ltr'>dari.</span> 
     </span>
     <span class='ocr_line' id='line_1_24' title="bbox 155 2331 1232 2411; baseline 0.002 -19"><span class='ocrx_word' id='word_1_173' title='bbox 155 2335 230 2392; x_wconf 84' lang='lat' dir='ltr'>unde</span> <span class='ocrx_word' id='word_1_174' title='bbox 257 2336 365 2392; x_wconf 86' lang='lat' dir='ltr'>Ovidius</span> <span class='ocrx_word' id='word_1_175' title='bbox 394 2335 467 2410; x_wconf 87' lang='lat' dir='ltr'>[met.</span> <span class='ocrx_word' id='word_1_176' title='bbox 487 2339 535 2399; x_wconf 85' lang='grc'>15,</span> <span class='ocrx_word' id='word_1_177' title='bbox 553 2337 605 2409; x_wconf 84' lang='grc'>88]</span> <span class='ocrx_word' id='word_1_178' title='bbox 633 2331 701 2392; x_wconf 84' lang='lat' dir='ltr'>‘heu</span> <span class='ocrx_word' id='word_1_179' title='bbox 731 2346 861 2411; x_wconf 85' lang='lat' dir='ltr'>quantum</span> <span class='ocrx_word' id='word_1_180' title='bbox 890 2338 978 2394; x_wconf 88' lang='lat' dir='ltr'>scelus</span> <span class='ocrx_word' id='word_1_181' title='bbox 1007 2345 1049 2394; x_wconf 90' lang='lat' dir='ltr'>est</span> <span class='ocrx_word' id='word_1_182' title='bbox 1075 2338 1102 2394; x_wconf 90' lang='lat' dir='ltr'>in</span> <span class='ocrx_word' id='word_1_183' title='bbox 1129 2337 1232 2394; x_wconf 78' lang='lat' dir='ltr'>viscere</span> 
     </span>
    </p>
   </div>
   <div class='ocr_carea' id='block_1_4' title="bbox 59 2419 1231 2496">
    <p class='ocr_par' dir='ltr' id='par_1_13' title="bbox 59 2419 1231 2496">
     <span class='ocr_line' id='line_1_25' title="bbox 59 2419 1231 2496; baseline 0.003 -22"><span class='ocrx_word' id='word_1_184' title='bbox 59 2463 72 2474; x_wconf 89' lang='lat'>.</span> <span class='ocrx_word' id='word_1_185' title='bbox 154 2419 254 2476; x_wconf 89' lang='lat' dir='ltr'>viscera</span> <span class='ocrx_word' id='word_1_186' title='bbox 277 2420 365 2491; x_wconf 91' lang='lat' dir='ltr'>condi,</span> <span class='ocrx_word' id='word_1_187' title='bbox 388 2429 572 2494; x_wconf 89' lang='lat' dir='ltr'>congestoque</span> <span class='ocrx_word' id='word_1_188' title='bbox 594 2421 699 2476; x_wconf 90' lang='lat' dir='ltr'>avidum</span> <span class='ocrx_word' id='word_1_189' title='bbox 719 2422 897 2494; x_wconf 81' lang='lat' dir='ltr'>pinguescere</span> <span class='ocrx_word' id='word_1_190' title='bbox 917 2438 1032 2496; x_wconf 89' lang='lat' dir='ltr'>corpore</span> <span class='ocrx_word' id='word_1_191' title='bbox 1047 2438 1147 2495; x_wconf 91' lang='lat' dir='ltr'>corpus</span> <span class='ocrx_word' id='word_1_192' title='bbox 1161 2422 1231 2478; x_wconf 89' lang='lat' dir='ltr'>alte-</span> 
     </span>
    </p>
   </div>
   <div class='ocr_carea' id='block_1_5' title="bbox 154 2491 1232 3684">
    <p class='ocr_par' dir='ltr' id='par_1_14' title="bbox 154 2491 1232 3257">
     <span class='ocr_line' id='line_1_26' title="bbox 154 2491 1230 2579; baseline 0.001 -18"><span class='ocrx_word' id='word_1_193' title='bbox 154 2504 266 2579; x_wconf 91' lang='lat' dir='ltr'>riusque</span> <span class='ocrx_word' id='word_1_194' title='bbox 293 2505 406 2562; x_wconf 86' lang='lat' dir='ltr'>animam</span> <span class='ocrx_word' id='word_1_195' title='bbox 436 2505 576 2560; x_wconf 89' lang='lat' dir='ltr'>animantis</span> <span class='ocrx_word' id='word_1_196' title='bbox 604 2505 692 2561; x_wconf 88' lang='lat' dir='ltr'>vivere</span> <span class='ocrx_word' id='word_1_197' title='bbox 722 2491 804 2561; x_wconf 84' lang='lat' dir='ltr'>leto³.</span> <span class='ocrx_word' id='word_1_198' title='bbox 905 2508 944 2563; x_wconf 85' lang='lat'>56</span> <span class='ocrx_word' id='word_1_199' title='bbox 975 2522 1044 2578; x_wconf 89' lang='lat' dir='ltr'>quae</span> <span class='ocrx_word' id='word_1_200' title='bbox 1065 2505 1230 2579; x_wconf 81' lang='lat' dir='ltr'>Pythagoras</span> 
     </span>
     <span class='ocr_line' id='line_1_27' title="bbox 155 2589 1231 2664; baseline -0.001 -17"><span class='ocrx_word' id='word_1_201' title='bbox 155 2589 236 2647; x_wconf 86' lang='lat' dir='ltr'>Samo</span> <span class='ocrx_word' id='word_1_202' title='bbox 265 2590 350 2647; x_wconf 90' lang='lat' dir='ltr'>insula</span> <span class='ocrx_word' id='word_1_203' title='bbox 377 2598 453 2647; x_wconf 90' lang='lat' dir='ltr'>ortus</span> <span class='ocrx_word' id='word_1_204' title='bbox 474 2590 625 2664; x_wconf 88' lang='lat' dir='ltr'>praecepit,</span> <span class='ocrx_word' id='word_1_205' title='bbox 655 2590 702 2663; x_wconf 93' lang='lat' dir='ltr'>qui</span> <span class='ocrx_word' id='word_1_206' title='bbox 723 2589 746 2645; x_wconf 88' lang='lat' dir='ltr'><strong>Y</strong></span> <span class='ocrx_word' id='word_1_207' title='bbox 769 2589 882 2645; x_wconf 90' lang='lat' dir='ltr'>litteram</span> <span class='ocrx_word' id='word_1_208' title='bbox 912 2590 945 2645; x_wconf 92' lang='lat' dir='ltr'>ad</span> <span class='ocrx_word' id='word_1_209' title='bbox 966 2589 1077 2645; x_wconf 92' lang='lat' dir='ltr'>modum</span> <span class='ocrx_word' id='word_1_210' title='bbox 1098 2589 1231 2646; x_wconf 89' lang='lat' dir='ltr'>humanae</span> 
     </span>
     <span class='ocr_line' id='line_1_28' title="bbox 154 2673 1232 2750; baseline 0.001 -20"><span class='ocrx_word' id='word_1_211' title='bbox 154 2676 222 2732; x_wconf 90' lang='lat' dir='ltr'>vitae</span> <span class='ocrx_word' id='word_1_212' title='bbox 243 2675 375 2750; x_wconf 82' lang='lat' dir='ltr'>figuravit.</span> <span class='ocrx_word' id='word_1_213' title='bbox 419 2691 488 2749; x_wconf 86' lang='lat' dir='ltr'>quae</span> <span class='ocrx_word' id='word_1_214' title='bbox 509 2675 538 2729; x_wconf 89' lang='lat' dir='ltr'>io</span> <span class='ocrx_word' id='word_1_215' title='bbox 559 2673 668 2732; x_wconf 79' lang='lat' dir='ltr'>infantia</span> <span class='ocrx_word' id='word_1_216' title='bbox 689 2675 730 2731; x_wconf 89' lang='lat' dir='ltr'>vel</span> <span class='ocrx_word' id='word_1_217' title='bbox 758 2673 833 2730; x_wconf 91' lang='lat' dir='ltr'>initio</span> <span class='ocrx_word' id='word_1_218' title='bbox 856 2674 1005 2731; x_wconf 90' lang='lat' dir='ltr'>monitione</span> <span class='ocrx_word' id='word_1_219' title='bbox 1032 2674 1182 2749; x_wconf 89' lang='lat' dir='ltr'>paedagogi</span> <span class='ocrx_word' id='word_1_220' title='bbox 1204 2684 1232 2731; x_wconf 91' lang='lat' dir='ltr'>et</span> 
     </span>
     <span class='ocr_line' id='line_1_29' title="bbox 154 2759 1231 2834; baseline 0.001 -19"><span class='ocrx_word' id='word_1_221' title='bbox 154 2768 268 2834; x_wconf 91' lang='lat' dir='ltr'>paterno</span> <span class='ocrx_word' id='word_1_222' title='bbox 290 2769 364 2817; x_wconf 90' lang='lat' dir='ltr'>metu</span> <span class='ocrx_word' id='word_1_223' title='bbox 384 2762 486 2819; x_wconf 88' lang='lat' dir='ltr'>insecta</span> <span class='ocrx_word' id='word_1_224' title='bbox 508 2768 557 2816; x_wconf 90' lang='lat' dir='ltr'>est.</span> <span class='ocrx_word' id='word_1_225' title='bbox 601 2769 628 2816; x_wconf 86' lang='lat' dir='ltr'>at</span> <span class='ocrx_word' id='word_1_226' title='bbox 649 2768 792 2834; x_wconf 88' lang='lat' dir='ltr'>postquam</span> <span class='ocrx_word' id='word_1_227' title='bbox 819 2759 845 2814; x_wconf 92' lang='lat' dir='ltr'>in</span> <span class='ocrx_word' id='word_1_228' title='bbox 871 2759 1077 2817; x_wconf 82' lang='lat' dir='ltr'>adulescentiam</span> <span class='ocrx_word' id='word_1_229' title='bbox 1100 2760 1159 2834; x_wconf 91' lang='lat' dir='ltr'>quis</span> <span class='ocrx_word' id='word_1_230' title='bbox 1181 2776 1231 2816; x_wconf 87' lang='lat' dir='ltr'>re-</span> 
     </span>
     <span class='ocr_line' id='line_1_30' title="bbox 157 2844 1231 2920; baseline -0.001 -17"><span class='ocrx_word' id='word_1_231' title='bbox 157 2846 236 2910; x_wconf 89' lang='lat' dir='ltr'>uerit,</span> <span class='ocrx_word' id='word_1_232' title='bbox 260 2845 394 2902; x_wconf 84' lang='lat' dir='ltr'>dividitur.</span> <span class='ocrx_word' id='word_1_233' title='bbox 439 2853 466 2902; x_wconf 92' lang='lat' dir='ltr'>et</span> <span class='ocrx_word' id='word_1_234' title='bbox 486 2845 514 2901; x_wconf 89' lang='lat' dir='ltr'>iu</span> <span class='ocrx_word' id='word_1_235' title='bbox 536 2844 641 2901; x_wconf 85' lang='lat' dir='ltr'>sinistra</span> <span class='ocrx_word' id='word_1_236' title='bbox 666 2855 742 2918; x_wconf 91' lang='lat' dir='ltr'>parte</span> <span class='ocrx_word' id='word_1_237' title='bbox 772 2845 837 2901; x_wconf 89' lang='lat' dir='ltr'>rami</span> <span class='ocrx_word' id='word_1_238' title='bbox 859 2845 933 2902; x_wconf 88' lang='lat' dir='ltr'>velut</span> <span class='ocrx_word' id='word_1_239' title='bbox 961 2845 1023 2902; x_wconf 90' lang='lat' dir='ltr'>vitia</span> <span class='ocrx_word' id='word_1_240' title='bbox 1050 2853 1129 2910; x_wconf 90' lang='lat' dir='ltr'>sunt,</span> <span class='ocrx_word' id='word_1_241' title='bbox 1163 2861 1231 2920; x_wconf 89' lang='lat' dir='ltr'>quae</span> 
     </span>
     <span class='ocr_line' id='line_1_31' title="bbox 156 2929 1231 3002; baseline -0.001 -15"><span class='ocrx_word' id='word_1_242' title='bbox 156 2930 281 2987; x_wconf 79' lang='lat' dir='ltr'>devexior</span> <span class='ocrx_word' id='word_1_243' title='bbox 302 2929 403 2988; x_wconf 79' lang='lat' dir='ltr'>facilem</span> <span class='ocrx_word' id='word_1_244' title='bbox 425 2931 459 2986; x_wconf 91' lang='lat' dir='ltr'>ad</span> <span class='ocrx_word' id='word_1_245' title='bbox 480 2947 510 2986; x_wconf 90' lang='lat' dir='ltr'>se</span> <span class='ocrx_word' id='word_1_246' title='bbox 532 2939 648 3002; x_wconf 86' lang='lat' dir='ltr'>praestat</span> <span class='ocrx_word' id='word_1_247' title='bbox 673 2945 822 2986; x_wconf 88' lang='lat' dir='ltr'>ascensum.</span> <span class='ocrx_word' id='word_1_248' title='bbox 889 2938 931 2986; x_wconf 89' lang='lat' dir='ltr'>est</span> <span class='ocrx_word' id='word_1_249' title='bbox 956 2930 1037 2987; x_wconf 84' lang='lat' dir='ltr'>altera</span> <span class='ocrx_word' id='word_1_250' title='bbox 1066 2930 1174 2988; x_wconf 87' lang='lat' dir='ltr'>dextera</span> <span class='ocrx_word' id='word_1_251' title='bbox 1202 2930 1231 2986; x_wconf 82' lang='lat' dir='ltr'>iu</span> 
     </span>
     <span class='ocr_line' id='line_1_32' title="bbox 156 3013 1231 3089; baseline 0.001 -20"><span class='ocrx_word' id='word_1_252' title='bbox 156 3031 209 3087; x_wconf 90' lang='lat' dir='ltr'>qua</span> <span class='ocrx_word' id='word_1_253' title='bbox 230 3015 335 3073; x_wconf 91' lang='lat' dir='ltr'>virtutis</span> <span class='ocrx_word' id='word_1_254' title='bbox 357 3033 439 3089; x_wconf 90' lang='lat' dir='ltr'>opera</span> <span class='ocrx_word' id='word_1_255' title='bbox 460 3013 648 3078; x_wconf 89' lang='lat' dir='ltr'>celebrantur,</span> <span class='ocrx_word' id='word_1_256' title='bbox 676 3015 789 3071; x_wconf 91' lang='lat' dir='ltr'>arduum</span> <span class='ocrx_word' id='word_1_257' title='bbox 817 3031 848 3070; x_wconf 93' lang='lat' dir='ltr'>ac</span> <span class='ocrx_word' id='word_1_258' title='bbox 874 3013 1008 3072; x_wconf 80' lang='lat' dir='ltr'>difficilem</span> <span class='ocrx_word' id='word_1_259' title='bbox 1029 3015 1139 3072; x_wconf 90' lang='lat' dir='ltr'>limitem</span> <span class='ocrx_word' id='word_1_260' title='bbox 1161 3031 1231 3088; x_wconf 92' lang='lat' dir='ltr'>pan-</span> 
     </span>
     <span class='ocr_line' id='line_1_33' title="bbox 156 3098 1230 3174; baseline 0.002 -20"><span class='ocrx_word' id='word_1_261' title='bbox 156 3098 233 3156; x_wconf 85' lang='lat' dir='ltr'>dens.</span> <span class='ocrx_word' id='word_1_262' title='bbox 276 3117 356 3173; x_wconf 92' lang='lat' dir='ltr'>quem</span> <span class='ocrx_word' id='word_1_263' title='bbox 377 3101 424 3174; x_wconf 93' lang='lat' dir='ltr'>qui</span> <span class='ocrx_word' id='word_1_264' title='bbox 446 3100 592 3163; x_wconf 86' lang='lat' dir='ltr'>evaserint,</span> <span class='ocrx_word' id='word_1_265' title='bbox 622 3099 711 3172; x_wconf 89' lang='lat' dir='ltr'>quieta</span> <span class='ocrx_word' id='word_1_266' title='bbox 740 3099 802 3154; x_wconf 88' lang='lat' dir='ltr'>sede</span> <span class='ocrx_word' id='word_1_267' title='bbox 830 3100 1009 3172; x_wconf 89' lang='lat' dir='ltr'>excipiuntur.</span> <span class='ocrx_word' id='word_1_268' title='bbox 1052 3115 1118 3172; x_wconf 91' lang='lat' dir='ltr'>quas</span> <span class='ocrx_word' id='word_1_269' title='bbox 1140 3108 1230 3172; x_wconf 91' lang='lat' dir='ltr'>partes</span> 
     </span>
     <span class='ocr_line' id='line_1_34' title="bbox 156 3181 1230 3257; baseline 0.003 -18"><span class='ocrx_word' id='word_1_270' title='bbox 156 3183 271 3257; x_wconf 86' lang='lat' dir='ltr'>quisque</span> <span class='ocrx_word' id='word_1_271' title='bbox 297 3183 330 3240; x_wconf 92' lang='lat' dir='ltr'>ab</span> <span class='ocrx_word' id='word_1_272' title='bbox 357 3201 428 3241; x_wconf 87' lang='lat' dir='ltr'>anno</span> <span class='ocrx_word' id='word_1_273' title='bbox 455 3193 530 3242; x_wconf 90' lang='lat' dir='ltr'>sexto</span> <span class='ocrx_word' id='word_1_274' title='bbox 559 3183 662 3241; x_wconf 91' lang='lat' dir='ltr'>decimo</span> <span class='ocrx_word' id='word_1_275' title='bbox 692 3181 843 3248; x_wconf 87' lang='lat' dir='ltr'>obtinebat,</span> <span class='ocrx_word' id='word_1_276' title='bbox 873 3184 900 3240; x_wconf 93' lang='lat' dir='ltr'>in</span> <span class='ocrx_word' id='word_1_277' title='bbox 930 3184 962 3240; x_wconf 88' lang='lat' dir='ltr'>iis</span> <span class='ocrx_word' id='word_1_278' title='bbox 989 3183 1078 3241; x_wconf 84' lang='lat' dir='ltr'>iuerat</span> <span class='ocrx_word' id='word_1_279' title='bbox 1099 3192 1230 3242; x_wconf 87' lang='lat' dir='ltr'>staturus.</span> 
     </span>
    </p>

    <p class='ocr_par' dir='ltr' id='par_1_15' title="bbox 156 3268 1232 3684">
     <span class='ocr_line' id='line_1_35' title="bbox 244 3268 1230 3342; baseline -0.001 -16"><span class='ocrx_word' id='word_1_280' title='bbox 244 3269 282 3326; x_wconf 84' lang='lat'>58</span> <span class='ocrx_word' id='word_1_281' title='bbox 305 3269 413 3342; x_wconf 78' lang='lat' dir='ltr'>mapula</span> <span class='ocrx_word' id='word_1_282' title='bbox 434 3270 576 3331; x_wconf 77' lang='lat' dir='ltr'>muudus,</span> <span class='ocrx_word' id='word_1_283' title='bbox 600 3269 642 3323; x_wconf 92' lang='lat' dir='ltr'>vix</span> <span class='ocrx_word' id='word_1_284' title='bbox 664 3277 745 3342; x_wconf 90' lang='lat' dir='ltr'>capnt</span> <span class='ocrx_word' id='word_1_285' title='bbox 765 3268 901 3326; x_wconf 88' lang='lat' dir='ltr'>sustinens</span> <span class='ocrx_word' id='word_1_286' title='bbox 917 3269 1049 3327; x_wconf 88' lang='lat' dir='ltr'>iuncturis</span> <span class='ocrx_word' id='word_1_287' title='bbox 1062 3269 1230 3326; x_wconf 88' lang='lat' dir='ltr'>maxillarum</span> 
     </span>
     <span class='ocr_line' id='line_1_36' title="bbox 156 3353 1230 3427; baseline -0.002 -17"><span class='ocrx_word' id='word_1_288' title='bbox 156 3354 273 3410; x_wconf 85' lang='lat' dir='ltr'>extensis</span> <span class='ocrx_word' id='word_1_289' title='bbox 294 3353 322 3410; x_wconf 87' lang='lat' dir='ltr'>in</span> <span class='ocrx_word' id='word_1_290' title='bbox 343 3354 441 3410; x_wconf 89' lang='lat' dir='ltr'>rictum</span> <span class='ocrx_word' id='word_1_291' title='bbox 462 3363 488 3412; x_wconf 88' lang='lat' dir='ltr'>et</span> <span class='ocrx_word' id='word_1_292' title='bbox 509 3355 679 3410; x_wconf 89' lang='lat' dir='ltr'>vehementer</span> <span class='ocrx_word' id='word_1_293' title='bbox 700 3353 849 3427; x_wconf 81' lang='lat' dir='ltr'>patefactis.</span> <span class='ocrx_word' id='word_1_294' title='bbox 927 3357 966 3413; x_wconf 90' lang='grc'>59</span> <span class='ocrx_word' id='word_1_295' title='bbox 989 3353 1125 3427; x_wconf 87' lang='lat' dir='ltr'>crapulam</span> <span class='ocrx_word' id='word_1_296' title='bbox 1146 3354 1230 3427; x_wconf 85' lang='lat' dir='ltr'>signi·</span> 
     </span>
     <span class='ocr_line' id='line_1_37' title="bbox 156 3428 1232 3513; baseline 0 -19"><span class='ocrx_word' id='word_1_297' title='bbox 156 3437 229 3494; x_wconf 83' lang='lat' dir='ltr'>licat.</span> <span class='ocrx_word' id='word_1_298' title='bbox 272 3445 303 3495; x_wconf 94' lang='lat' dir='ltr'>ut</span> <span class='ocrx_word' id='word_1_299' title='bbox 324 3448 366 3495; x_wconf 92' lang='lat' dir='ltr'>est</span> <span class='ocrx_word' id='word_1_300' title='bbox 386 3438 451 3496; x_wconf 92' lang='lat' dir='ltr'>illud</span> <span class='ocrx_word' id='word_1_301' title='bbox 472 3439 570 3513; x_wconf 88' lang='lat' dir='ltr'>Vergili</span> <span class='ocrx_word' id='word_1_302' title='bbox 594 3437 702 3512; x_wconf 74' lang='lat' dir='ltr'>[cclii.</span> <span class='ocrx_word' id='word_1_303' title='bbox 721 3437 769 3513; x_wconf 83' lang='lat'>15]</span> <span class='ocrx_word' id='word_1_304' title='bbox 790 3428 924 3495; x_wconf 81' lang='lat' dir='ltr'>‘inflatum</span> <span class='ocrx_word' id='word_1_305' title='bbox 948 3441 1076 3496; x_wconf 91' lang='lat' dir='ltr'>hesterno</span> <span class='ocrx_word' id='word_1_306' title='bbox 1096 3454 1178 3494; x_wconf 87' lang='lat' dir='ltr'>renas</span> <span class='ocrx_word' id='word_1_307' title='bbox 1201 3446 1232 3494; x_wconf 92' lang='lat' dir='ltr'>ut</span> 
     </span>
     <span class='ocr_line' id='line_1_38' title="bbox 156 3511 1231 3599; baseline 0.001 -20"><span class='ocrx_word' id='word_1_308' title='bbox 156 3539 263 3597; x_wconf 87' lang='lat' dir='ltr'>semper</span> <span class='ocrx_word' id='word_1_309' title='bbox 273 3511 393 3581; x_wconf 83' lang='lat' dir='ltr'>laccbo&#39;.</span> <span class='ocrx_word' id='word_1_310' title='bbox 460 3527 498 3583; x_wconf 89' lang='grc'>60</span> <span class='ocrx_word' id='word_1_311' title='bbox 515 3523 715 3599; x_wconf 88' lang='lat' dir='ltr'>proposuistine</span> <span class='ocrx_word' id='word_1_312' title='bbox 731 3522 778 3580; x_wconf 89' lang='lat' dir='ltr'>tibi</span> <span class='ocrx_word' id='word_1_313' title='bbox 793 3523 901 3598; x_wconf 86' lang='lat' dir='ltr'>aliquod</span> <span class='ocrx_word' id='word_1_314' title='bbox 916 3540 1000 3596; x_wconf 90' lang='lat' dir='ltr'>genus</span> <span class='ocrx_word' id='word_1_315' title='bbox 1016 3522 1084 3578; x_wconf 89' lang='lat' dir='ltr'>vitae</span> <span class='ocrx_word' id='word_1_316' title='bbox 1098 3525 1172 3596; x_wconf 90' lang='lat' dir='ltr'>quod</span> <span class='ocrx_word' id='word_1_317' title='bbox 1187 3539 1231 3580; x_wconf 89' lang='lat' dir='ltr'>se·</span> 
     </span>
     <span class='ocr_line' id='line_1_39' title="bbox 157 3604 1230 3684; baseline 0.001 -21"><span class='ocrx_word' id='word_1_318' title='bbox 157 3609 204 3682; x_wconf 93' lang='lat' dir='ltr'>qui</span> <span class='ocrx_word' id='word_1_319' title='bbox 219 3608 313 3666; x_wconf 94' lang='lat' dir='ltr'>debeas</span> <span class='ocrx_word' id='word_1_320' title='bbox 329 3611 396 3666; x_wconf 93' lang='lat' dir='ltr'>etin</span> <span class='ocrx_word' id='word_1_321' title='bbox 413 3625 467 3684; x_wconf 92' lang='lat' dir='ltr'>quo</span> <span class='ocrx_word' id='word_1_322' title='bbox 484 3625 582 3665; x_wconf 89' lang='lat' dir='ltr'>nervos</span> <span class='ocrx_word' id='word_1_323' title='bbox 600 3608 678 3664; x_wconf 90' lang='lat' dir='ltr'>animi</span> <span class='ocrx_word' id='word_1_324' title='bbox 694 3604 843 3665; x_wconf 72' lang='lat' dir='ltr'>extendas?</span> <span class='ocrx_word' id='word_1_325' title='bbox 865 3624 898 3663; x_wconf 89' lang='lat' dir='ltr'>an</span> <span class='ocrx_word' id='word_1_326' title='bbox 919 3625 1001 3682; x_wconf 90' lang='lat' dir='ltr'>vagus</span> <span class='ocrx_word' id='word_1_327' title='bbox 1017 3607 1074 3664; x_wconf 89' lang='lat' dir='ltr'>sine</span> <span class='ocrx_word' id='word_1_328' title='bbox 1088 3608 1230 3683; x_wconf 91' lang='lat' dir='ltr'>proposito</span> 
     </span>
    </p>
   </div>
   <div class='ocr_carea' id='block_1_6' title="bbox 156 3753 1232 4026">
    <p class='ocr_par' dir='ltr' id='par_1_16' title="bbox 156 3753 1232 3888">
     <span class='ocr_line' id='line_1_40' title="bbox 242 3753 1229 3820; baseline -0.004 -13"><span class='ocrx_word' id='word_1_329' title='bbox 242 3757 275 3808; x_wconf 78' lang='lat'>52</span> <span class='ocrx_word' id='word_1_330' title='bbox 299 3758 362 3808; x_wconf 83' lang='lat' dir='ltr'>biae</span> <span class='ocrx_word' id='word_1_331' title='bbox 385 3771 457 3807; x_wconf 79' lang='lat' dir='ltr'>nouo</span> <span class='ocrx_word' id='word_1_332' title='bbox 479 3760 574 3806; x_wconf 80' lang='lat' dir='ltr'>saturo</span> <span class='ocrx_word' id='word_1_333' title='bbox 599 3757 696 3820; x_wconf 78' lang='lat' dir='ltr'>incipit</span> <span class='ocrx_word' id='word_1_334' title='bbox 718 3758 747 3804; x_wconf 82' lang='lat' dir='ltr'>in</span> <span class='ocrx_word' id='word_1_335' title='bbox 766 3756 799 3816; x_wconf 86' lang='grc' dir='ltr'>Ρ,</span> <span class='ocrx_word' id='word_1_336' title='bbox 823 3756 867 3804; x_wconf 80' lang='lat' dir='ltr'>etei</span> <span class='ocrx_word' id='word_1_337' title='bbox 893 3755 988 3805; x_wconf 80' lang='lat' dir='ltr'>titulare</span> <span class='ocrx_word' id='word_1_338' title='bbox 1009 3759 1049 3804; x_wconf 83' lang='lat' dir='ltr'>ast</span> <span class='ocrx_word' id='word_1_339' title='bbox 1074 3754 1106 3805; x_wconf 90' lang='lat' dir='ltr'>ad</span> <span class='ocrx_word' id='word_1_340' title='bbox 1125 3753 1229 3806; x_wconf 89' lang='lat' dir='ltr'>eosdem</span> 
     </span>
     <span class='ocr_line' id='line_1_41' title="bbox 156 3821 1232 3888; baseline -0.004 -12"><span class='ocrx_word' id='word_1_341' title='bbox 156 3867 161 3876; x_wconf 88' lang='lat'>.</span> <span class='ocrx_word' id='word_1_342' title='bbox 243 3827 276 3876; x_wconf 89' lang='grc'>54</span> <span class='ocrx_word' id='word_1_343' title='bbox 293 3825 400 3876; x_wconf 87' lang='lat' dir='ltr'>insomis</span> <span class='ocrx_word' id='word_1_344' title='bbox 417 3825 441 3874; x_wconf 89' lang='lat' dir='ltr'><em>P</em></span> <span class='ocrx_word' id='word_1_345' title='bbox 456 3839 560 3888; x_wconf 68' lang='lat' dir='ltr'>coratp</span> <span class='ocrx_word' id='word_1_346' title='bbox 632 3827 663 3876; x_wconf 87' lang='grc'>55</span> <span class='ocrx_word' id='word_1_347' title='bbox 683 3821 778 3888; x_wconf 87' lang='lat' dir='ltr'>grande</span> <span class='ocrx_word' id='word_1_348' title='bbox 797 3824 819 3872; x_wconf 84' lang='grc' dir='ltr'><em>Ρ</em></span> <span class='ocrx_word' id='word_1_349' title='bbox 835 3836 938 3888; x_wconf 74' lang='lat' dir='ltr'>comp</span> <span class='ocrx_word' id='word_1_350' title='bbox 1009 3825 1041 3875; x_wconf 86' lang='grc'>56</span> <span class='ocrx_word' id='word_1_351' title='bbox 1059 3821 1165 3874; x_wconf 85' lang='lat' dir='ltr'>deduxit</span> <span class='ocrx_word' id='word_1_352' title='bbox 1183 3823 1232 3873; x_wconf 86' lang='grc' dir='ltr'>αΡ</span> 
     </span>
    </p>

    <p class='ocr_par' dir='ltr' id='par_1_17' title="bbox 157 3889 1230 4026">
     <span class='ocr_line' id='line_1_42' title="bbox 242 3889 1230 3956; baseline -0.001 -16"><span class='ocrx_word' id='word_1_353' title='bbox 242 3889 318 3944; x_wconf 87' lang='lat' dir='ltr'>litore</span> <span class='ocrx_word' id='word_1_354' title='bbox 335 3893 360 3942; x_wconf 85' lang='lat' dir='ltr'><em>P</em></span> <span class='ocrx_word' id='word_1_355' title='bbox 425 3895 457 3944; x_wconf 76' lang='lat'>57</span> <span class='ocrx_word' id='word_1_356' title='bbox 476 3891 569 3944; x_wconf 90' lang='lat' dir='ltr'>collem</span> <span class='ocrx_word' id='word_1_357' title='bbox 588 3892 651 3942; x_wconf 80' lang='lat' dir='ltr'>aP:</span> <span class='ocrx_word' id='word_1_358' title='bbox 673 3891 764 3942; x_wconf 87' lang='lat' dir='ltr'>callem</span> <span class='ocrx_word' id='word_1_359' title='bbox 780 3893 824 3956; x_wconf 79' lang='grc' dir='ltr'>ρς</span> <span class='ocrx_word' id='word_1_360' title='bbox 892 3893 925 3943; x_wconf 89' lang='grc'>59</span> <span class='ocrx_word' id='word_1_361' title='bbox 937 3889 1090 3943; x_wconf 80' lang='lat' dir='ltr'>Hcscitata</span> <span class='ocrx_word' id='word_1_362' title='bbox 1158 3891 1191 3942; x_wconf 90' lang='grc'>60</span> <span class='ocrx_word' id='word_1_363' title='bbox 1203 3891 1230 3940; x_wconf 91' lang='lat' dir='ltr'>in</span> 
     </span>
     <span class='ocr_line' id='line_1_43' title="bbox 157 3959 630 4026; baseline 0.002 -17"><span class='ocrx_word' id='word_1_364' title='bbox 157 3973 210 4025; x_wconf 92' lang='lat' dir='ltr'>quo</span> <span class='ocrx_word' id='word_1_365' title='bbox 229 3965 254 4008; x_wconf 87' lang='grc' dir='ltr'>α</span> <span class='ocrx_word' id='word_1_366' title='bbox 322 3959 410 4025; x_wconf 88' lang='lat' dir='ltr'>dirigis</span> <span class='ocrx_word' id='word_1_367' title='bbox 429 3966 475 4026; x_wconf 84' lang='lat' dir='ltr'>etp</span> <span class='ocrx_word' id='word_1_368' title='bbox 494 3959 589 4024; x_wconf 89' lang='lat' dir='ltr'>dirigas</span> <span class='ocrx_word' id='word_1_369' title='bbox 606 3961 630 4010; x_wconf 89' lang='lat' dir='ltr'><em>P</em></span> 
     </span>
    </p>
   </div>
   <div class='ocr_carea' id='block_1_7' title="bbox 0 0 1400 4444">
    <p class='ocr_par' dir='ltr' id='par_1_18' title="bbox 0 0 1400 4444">
     <span class='ocr_line' id='line_1_44' title="bbox 0 0 1400 4444; baseline 0 0"><span class='ocrx_word' id='word_1_370' title='bbox 0 0 1400 4444; x_wconf 95' lang='lat' dir='ltr'> </span> 
     </span>
    </p>
   </div>
  </div>
 </body>
</html>
