2792 4444
380 1047 546 1113 OTTONIS
569 1049 689 1113 lAHNll
711 1051 926 1114 PRAEFATIO

203 1287 299 1350 Puusu
321 1297 487 1349 saturarum
515 1288 606 1362 liber,
636 1289 1006 1368 percussionnem,
1036 1299 1192 1370 postquam

116 1391 257 1452 Annaeus
282 1390 432 1452 Cornutus
460 1390 563 1452 leviter
591 1391 774 1465 retractavit,
804 1391 899 1452 editus
929 1393 1191 1468 grammaticorum

117 1510 236 1572 operam
266 1501 406 1572 expertus
434 1502 487 1554 esi.
539 1492 575 1552 de
597 1493 704 1554 Valerii
732 1493 821 1554 Probi
851 1491 1064 1554 commentario
1093 1493 1189 1566 vitam,

115 1595 200 1656 ouius
228 1594 370 1673 reliquiae
400 1593 547 1673 quantivis
574 1596 662 1674 prelii
691 1604 821 1657 salvaene
843 1604 929 1669 suut,
959 1595 1102 1656 sublatam
1126 1613 1191 1657 esse

115 1705 197 1757 nerto
220 1696 391 1758 testimonio
408 1704 534 1758 onustat„
571 1697 607 1757 ad
630 1715 698 1758 eum
720 1713 791 1759 num
808 1697 886 1758 haud
908 1715 979 1758 saue
1002 1697 1092 1758 multa
1114 1697 1192 1758 anti-

115 1815 190 1876 quae
219 1797 371 1859 dootuiuae
399 1799 518 1878 vestigia
550 1815 603 1877 peu
630 1806 847 1880 commentum,
877 1799 956 1878 quod
984 1799 1106 1860 Cornuti
1136 1819 1192 1860 no-

115 1919 185 1960 men
208 1918 279 1978 prae
302 1919 334 1961 so
357 1902 423 1972 sert,
446 1901 577 1980 dispersa
599 1899 754 1960 reserenda
778 1901 836 1962 siut
859 1900 906 1960 vix
928 1901 1049 1962 decerni
1071 1900 1191 1981 poterit.

114 2010 204 2062 notus
226 2010 255 2062 et
276 2019 292 2061 a
316 2001 416 2064 multis
438 2001 585 2062 adbibitus
609 2001 780 2082 Hieronymi
802 2003 887 2063 locus
909 2011 969 2064 est:
995 2015 1083 2082 poto,
1117 2005 1193 2084 qnod

113 2104 215 2182 leqeris
236 2103 324 2184 dopna·
344 2108 377 2166 in
397 2103 552 2184 Varqila'om
577 2115 604 2166 et
623 2103 784 2166 Salustium
806 2108 1035 2176 commentarios,
1064 2103 1190 2167 anoauii

113 2211 144 2266 in
163 2205 308 2268 Ciceronis
329 2211 484 2280 orationes,
512 2204 653 2268 Victorini
674 2210 707 2266 in
729 2207 857 2286 dioloqoa
871 2211 932 2268 nne
949 2201 1008 2292 [et],
1034 2211 1066 2268 in
1084 2205 1189 2269 Teren-

112 2311 149 2368 n'i
169 2309 327 2370 comoediae
347 2311 538 2388 praeceptoris
560 2312 618 2370 mei
632 2309 742 2369 Donati
762 2327 849 2390 noque
871 2314 904 2370 in
924 2307 1088 2388 Verqiliann,
1111 2311 1188 2372 ulin-

111 2427 179 2469 rnm
209 2413 240 2468 in
269 2409 354 2479 ulios,
385 2408 523 2470 Plautum
551 2408 679 2470 videlieet
711 2409 875 2471 Lucretium
897 2410 1032 2472 Flaccum
1055 2412 1190 2474 Perninn

110 2522 196 2592 atque
221 2509 371 2574 Lucanum
401 2510 574 2591 (apoladv.
598 2511 740 2572 llufiuum
763 2511 818 2572 lt.
842 2511 879 2571 lv
906 2516 920 2574 1
946 2531 975 2592 p.
1001 2509 1085 2594 367).
1136 2515 1188 2575 sed

111 2615 147 2675 de
170 2613 252 2674 nullo
281 2622 400 2694 praeter
421 2613 568 2674 Valerium
590 2612 723 2675 Probum
752 2613 945 2693 grammatico
973 2623 1098 2676 constat.
1143 2625 1187 2676 et-

110 2717 190 2778 enim
214 2735 303 2795 quam
325 2716 362 2777 do
377 2717 504 2777 denonis
519 2718 641 2777 uomina
663 2717 867 2795 perendinam
883 2717 1030 2795 quondam
1046 2715 1187 2780 Mediola-
1259 2760 1262 2767 -

110 2837 234 2880 oensem
260 2827 375 2880 seruato
397 2837 480 2898 spem
504 2817 651 2880 Henrious
674 2818 812 2880 Erustius
839 2822 911 2896 (vau.
934 2819 997 2880 obs.
1021 2820 1033 2879 l
1057 2823 1087 2894 7)
1117 2821 1186 2882 olim

109 2929 250 2996 moverat,
273 2939 337 2982 eam
362 2921 474 2982 nnllam
496 2940 561 2982 esse
576 2921 976 2983 demonstravitHaulhalius
998 2925 1085 2998 (mus.
1101 2923 1186 2984 uben.

109 3043 140 3084 n.
163 3043 186 3084 s
211 3023 233 3083 V
256 3043 285 3103 p.
309 3026 370 3090 523
386 3026 455 3102 sq).
498 3024 535 3084 de
557 3023 689 3085 Cornuto
719 3024 842 3103 eiusque
870 3033 1040 3086 commento
1069 3041 1117 3086 ras
1139 3025 1186 3086 iu-

108 3135 200 3186 oeata.
246 3145 306 3186 nou
330 3125 480 3205 periinere
502 3125 537 3184 ad
557 3124 649 3185 Persii
672 3125 844 3204 magistrum
866 3125 1016 3203 plerisque
1038 3124 1094 3184 iam
1117 3141 1186 3203 per·

107 3243 228 3288 suasum
251 3239 312 3298 est,
335 3239 404 3288 ante
427 3227 574 3289 lsidouum
596 3229 633 3306 (a.
657 3229 732 3302 636)
753 3227 950 3306 compositum
974 3245 1039 3287 esse
1061 3227 1186 3286 demon-

106 3337 233 3390 stratum
261 3328 314 3388 ivil
339 3328 370 3390 C.
397 3329 429 3389 ll.
453 3328 642 3390 llermauuns
670 3329 749 3405 (leot,
778 3327 860 3390 Pers.
884 3329 896 3388 l
919 3328 1011 3391 Marb.
1037 3329 1118 3392 1842
1149 3328 1186 3389 de

105 3439 202 3492 aetate
224 3443 253 3492 et
275 3449 330 3492 usu
353 3430 444 3492 schol.
467 3430 549 3492 Pers.
572 3431 650 3492 Gon.
676 3433 779 3507 1846),
801 3431 879 3491 haud
902 3439 982 3491 oeuia
1005 3447 1183 3508 quamquam

106 3553 169 3595 uon
199 3532 387 3613 improbabili
417 3534 586 3594 coniectura
615 3533 651 3593 ad
674 3533 879 3613 Cauliugorum
909 3541 1044 3611 tempora
1073 3533 1185 3593 referre

105 3636 179 3696 mibi
203 3637 282 3698 visus
303 3654 378 3700 sum.

193 3738 334 3816 aliquam,
368 3737 437 3799 lieet
465 3756 525 3798 uon
554 3755 570 3797 a
606 3736 694 3798 dooto
729 3735 920 3816 grammatico
956 3736 1006 3797 sed
1037 3754 1052 3794 a
1078 3735 1185 3796 iuvene

105 3837 233 3917 quodam
262 3839 339 3900 baud
362 3835 529 3912 illitterato,
558 3839 589 3898 iu
613 3838 806 3900 emendandis
828 3837 920 3897 Persii
950 3837 1056 3898 saturis
1082 3853 1184 3896 euram

93 3939 231 4021 positam
254 3941 344 4002 luisse
371 3939 591 4021 subsoriptione
619 3939 744 4019 quadam
773 3940 930 4012 doeemur,
960 3955 1048 4016 quam
1074 3938 1113 3998 ita
1135 3951 1184 3996 re-

349 4057 351 4062 ,
943 4053 957 4088 a
965 4038 980 4071 *
