<?xml version="1.0" encoding="UTF-8"?>
<!DOCTYPE html PUBLIC "-//W3C//DTD XHTML 1.0 Transitional//EN"
    "http://www.w3.org/TR/xhtml1/DTD/xhtml1-transitional.dtd">
<html xmlns="http://www.w3.org/1999/xhtml" xml:lang="en" lang="en">
 <head>
  <title>
</title>
<meta http-equiv="Content-Type" content="text/html;charset=utf-8" />
  <meta name='ocr-system' content='tesseract 3.04.00' />
  <meta name='ocr-capabilities' content='ocr_page ocr_carea ocr_par ocr_line ocrx_word'/>
</head>
<body>
  <div class='ocr_page' id='page_1' title='image "apersiiflaccidi01sulpgoog_0045.png"; bbox 0 0 2792 4444; ppageno 0'>
   <div class='ocr_carea' id='block_1_1' title="bbox 177 189 765 250">
    <p class='ocr_par' dir='ltr' id='par_1_1' title="bbox 177 189 765 250">
     <span class='ocr_line' id='line_1_1' title="bbox 177 189 765 250; baseline -0.003 -2"><span class='ocrx_word' id='word_1_1' title='bbox 177 189 218 250; x_wconf 81' lang='grc'><strong>24</strong></span> <span class='ocrx_word' id='word_1_2' title='bbox 659 191 765 246; x_wconf 75' lang='lat' dir='ltr'><strong>Prosit</strong></span> 
     </span>
    </p>
   </div>
   <div class='ocr_carea' id='block_1_2' title="bbox 173 362 906 551">
    <p class='ocr_par' dir='ltr' id='par_1_2' title="bbox 173 362 906 551">
     <span class='ocr_line' id='line_1_2' title="bbox 177 362 901 446; baseline 0.001 -22"><span class='ocrx_word' id='word_1_3' title='bbox 177 373 206 424; x_wconf 93' lang='lat' dir='ltr'><strong>et</strong></span> <span class='ocrx_word' id='word_1_4' title='bbox 227 362 331 426; x_wconf 88' lang='lat' dir='ltr'><strong>similis</strong></span> <span class='ocrx_word' id='word_1_5' title='bbox 353 382 457 446; x_wconf 86' lang='lat' dir='ltr'><strong>regum</strong></span> <span class='ocrx_word' id='word_1_6' title='bbox 480 365 581 444; x_wconf 91' lang='lat' dir='ltr'><strong>pueris</strong></span> <span class='ocrx_word' id='word_1_7' title='bbox 602 382 733 445; x_wconf 80' lang='lat' dir='ltr'>pappare</span> <span class='ocrx_word' id='word_1_8' title='bbox 755 365 901 427; x_wconf 90' lang='lat' dir='ltr'><strong>minutum</strong></span> 
     </span>
     <span class='ocr_line' id='line_1_3' title="bbox 173 443 906 551; baseline 0.001 -42"><span class='ocrx_word' id='word_1_9' title='bbox 173 449 275 551; x_wconf 89' lang='lat' dir='ltr'><strong>poscis</strong></span> <span class='ocrx_word' id='word_1_10' title='bbox 297 457 327 509; x_wconf 91' lang='lat' dir='ltr'><strong>et</strong></span> <span class='ocrx_word' id='word_1_11' title='bbox 348 450 441 513; x_wconf 92' lang='lat' dir='ltr'><strong>iratus</strong></span> <span class='ocrx_word' id='word_1_12' title='bbox 462 468 605 510; x_wconf 90' lang='lat' dir='ltr'><strong>mammae</strong></span> <span class='ocrx_word' id='word_1_13' title='bbox 628 450 727 512; x_wconf 90' lang='lat' dir='ltr'><strong>lallare</strong></span> <span class='ocrx_word' id='word_1_14' title='bbox 749 443 906 512; x_wconf 83' lang='lat' dir='ltr'><strong>recusasl’</strong></span> 
     </span>
    </p>
   </div>
   <div class='ocr_carea' id='block_1_3' title="bbox 56 525 1026 615">
    <p class='ocr_par' dir='ltr' id='par_1_3' title="bbox 56 525 1026 615">
     <span class='ocr_line' id='line_1_4' title="bbox 56 525 1026 615; baseline 0.006 -23"><span class='ocrx_word' id='word_1_15' title='bbox 56 555 64 567; x_wconf 85' lang='lat'>·</span> <span class='ocrx_word' id='word_1_16' title='bbox 113 561 135 610; x_wconf 56' lang='lat' dir='ltr'><strong>p</strong></span> <span class='ocrx_word' id='word_1_17' title='bbox 188 551 226 594; x_wconf 93' lang='lat' dir='ltr'><strong>an</strong></span> <span class='ocrx_word' id='word_1_18' title='bbox 248 534 298 596; x_wconf 88' lang='lat' dir='ltr'><strong>tali</strong></span> <span class='ocrx_word' id='word_1_19' title='bbox 321 537 452 598; x_wconf 90' lang='lat' dir='ltr'><strong>studeam</strong></span> <span class='ocrx_word' id='word_1_20' title='bbox 475 525 623 596; x_wconf 75' lang='lat' dir='ltr'><strong>calamoi&#39;</strong></span> <span class='ocrx_word' id='word_1_21' title='bbox 646 528 708 596; x_wconf 92' lang='lat' dir='ltr'><strong>‘cui</strong></span> <span class='ocrx_word' id='word_1_22' title='bbox 729 533 842 597; x_wconf 82' lang='lat' dir='ltr'><strong>verba?</strong></span> <span class='ocrx_word' id='word_1_23' title='bbox 864 535 934 615; x_wconf 91' lang='lat' dir='ltr'><strong>quid</strong></span> <span class='ocrx_word' id='word_1_24' title='bbox 956 536 1026 598; x_wconf 89' lang='lat' dir='ltr'><strong>istas</strong></span> 
     </span>
    </p>
   </div>
   <div class='ocr_carea' id='block_1_4' title="bbox 13 892 103 964">
    <p class='ocr_par' dir='ltr' id='par_1_4' title="bbox 13 892 103 964">
     <span class='ocr_line' id='line_1_5' title="bbox 13 892 103 964; baseline 0 -10"><span class='ocrx_word' id='word_1_25' title='bbox 13 892 103 964; x_wconf 59' lang='lat' dir='ltr'><strong>(pp,</strong></span> 
     </span>
    </p>
   </div>
   <div class='ocr_carea' id='block_1_5' title="bbox 50 939 99 1028">
    <p class='ocr_par' dir='ltr' id='par_1_5' title="bbox 50 939 99 1028">
     <span class='ocr_line' id='line_1_6' title="bbox 50 939 99 1028; baseline 0 -34"><span class='ocrx_word' id='word_1_26' title='bbox 50 939 99 1028; x_wconf 55' lang='lat' dir='ltr'><strong>gu</strong></span> 
     </span>
    </p>
   </div>
   <div class='ocr_carea' id='block_1_6' title="bbox 144 835 150 845">
    <p class='ocr_par' dir='ltr' id='par_1_6' title="bbox 144 835 150 845">
     <span class='ocr_line' id='line_1_7' title="bbox 144 835 150 845; baseline 0 0"><span class='ocrx_word' id='word_1_27' title='bbox 144 835 150 845; x_wconf 63' lang='lat' dir='ltr'><strong>n</strong></span> 
     </span>
    </p>
   </div>
   <div class='ocr_carea' id='block_1_7' title="bbox 123 1079 142 1112">
    <p class='ocr_par' dir='ltr' id='par_1_7' title="bbox 123 1079 142 1112">
     <span class='ocr_line' id='line_1_8' title="bbox 123 1079 142 1112; baseline 0 0"><span class='ocrx_word' id='word_1_28' title='bbox 123 1079 142 1112; x_wconf 66' lang='lat' dir='ltr'><em>l</em></span> 
     </span>
    </p>
   </div>
   <div class='ocr_carea' id='block_1_8' title="bbox 139 1189 148 1236">
    <p class='ocr_par' dir='ltr' id='par_1_8' title="bbox 139 1189 148 1236">
     <span class='ocr_line' id='line_1_9' title="bbox 139 1189 148 1236; baseline 0 0"><span class='ocrx_word' id='word_1_29' title='bbox 139 1189 148 1236; x_wconf 81' lang='lat' dir='ltr'><strong>l</strong></span> 
     </span>
    </p>
   </div>
   <div class='ocr_carea' id='block_1_9' title="bbox 32 591 1249 887">
    <p class='ocr_par' dir='ltr' id='par_1_9' title="bbox 32 591 1249 887">
     <span class='ocr_line' id='line_1_10' title="bbox 32 591 1249 760; baseline -0.001 -77"><span class='ocrx_word' id='word_1_30' title='bbox 32 591 162 760; x_wconf 48' lang='lat' dir='ltr'><strong>‘ptius‘</strong></span> <span class='ocrx_word' id='word_1_31' title='bbox 177 618 306 702; x_wconf 68' lang='lat' dir='ltr'><strong>sqqeinis</strong></span> <span class='ocrx_word' id='word_1_32' title='bbox 328 618 486 701; x_wconf 77' lang='lat' dir='ltr'><strong>ambages?</strong></span> <span class='ocrx_word' id='word_1_33' title='bbox 508 620 561 682; x_wconf 92' lang='lat' dir='ltr'><strong>tibi</strong></span> <span class='ocrx_word' id='word_1_34' title='bbox 582 620 702 682; x_wconf 80' lang='lat' dir='ltr'><strong>luditur.</strong></span> <span class='ocrx_word' id='word_1_35' title='bbox 740 620 835 682; x_wconf 88' lang='lat' dir='ltr'><strong>ellluis</strong></span> <span class='ocrx_word' id='word_1_36' title='bbox 857 638 966 697; x_wconf 90' lang='lat' dir='ltr'><strong>amens,</strong></span> <span class='ocrx_word' id='word_1_37' title='bbox 1220 629 1249 682; x_wconf 80' lang='grc' dir='ltr'><strong>2ο</strong></span> 
     </span>
     <span class='ocr_line' id='line_1_11' title="bbox 34 704 940 860; baseline 0.001 -93"><span class='ocrx_word' id='word_1_38' title='bbox 34 708 116 860; x_wconf 31' lang='lat' dir='ltr'><strong>&amp;qul</strong></span> <span class='ocrx_word' id='word_1_39' title='bbox 177 713 380 766; x_wconf 83' lang='lat' dir='ltr'><strong>contemnere.</strong></span> <span class='ocrx_word' id='word_1_40' title='bbox 413 715 499 767; x_wconf 88' lang='lat' dir='ltr'><strong>sonat</strong></span> <span class='ocrx_word' id='word_1_41' title='bbox 519 704 620 766; x_wconf 88' lang='lat' dir='ltr'><strong>vitium</strong></span> <span class='ocrx_word' id='word_1_42' title='bbox 642 724 791 786; x_wconf 86' lang='lat' dir='ltr'><strong>percussa,</strong></span> <span class='ocrx_word' id='word_1_43' title='bbox 813 705 940 785; x_wconf 87' lang='lat' dir='ltr'><strong>maligne</strong></span> 
     </span>
     <span class='ocr_line' id='line_1_12' title="bbox 59 859 65 887; baseline 0 0"><span class='ocrx_word' id='word_1_44' title='bbox 59 859 65 887; x_wconf 86' lang='grc'><strong>1</strong></span> 
     </span>
    </p>
   </div>
   <div class='ocr_carea' id='block_1_10' title="bbox 194 790 850 869">
    <p class='ocr_par' dir='ltr' id='par_1_10' title="bbox 194 790 850 869">
     <span class='ocr_line' id='line_1_13' title="bbox 194 790 850 869; baseline 0.002 -19"><span class='ocrx_word' id='word_1_45' title='bbox 194 790 337 869; x_wconf 90' lang='lat' dir='ltr'><strong>espondet</strong></span> <span class='ocrx_word' id='word_1_46' title='bbox 358 791 441 852; x_wconf 89' lang='lat' dir='ltr'><strong>viridi</strong></span> <span class='ocrx_word' id='word_1_47' title='bbox 464 809 525 852; x_wconf 95' lang='lat' dir='ltr'><strong>non</strong></span> <span class='ocrx_word' id='word_1_48' title='bbox 550 798 632 852; x_wconf 88' lang='lat' dir='ltr'><strong>cocta</strong></span> <span class='ocrx_word' id='word_1_49' title='bbox 655 790 750 852; x_wconf 84' lang='lat' dir='ltr'><strong>tidelia</strong></span> <span class='ocrx_word' id='word_1_50' title='bbox 771 790 850 851; x_wconf 93' lang='lat' dir='ltr'><strong>limo.</strong></span> 
     </span>
    </p>
   </div>
   <div class='ocr_carea' id='block_1_11' title="bbox 113 875 1179 955">
    <p class='ocr_par' dir='ltr' id='par_1_11' title="bbox 113 875 1179 955">
     <span class='ocr_line' id='line_1_14' title="bbox 113 875 1179 955; baseline 0 -17"><span class='ocrx_word' id='word_1_51' title='bbox 113 893 131 938; x_wconf 73' lang='lat' dir='ltr'><strong>a</strong></span> <span class='ocrx_word' id='word_1_52' title='bbox 177 875 269 936; x_wconf 93' lang='lat' dir='ltr'><strong>udum</strong></span> <span class='ocrx_word' id='word_1_53' title='bbox 292 884 322 936; x_wconf 88' lang='lat' dir='ltr'><strong>et</strong></span> <span class='ocrx_word' id='word_1_54' title='bbox 343 877 431 938; x_wconf 93' lang='lat' dir='ltr'><strong>molle</strong></span> <span class='ocrx_word' id='word_1_55' title='bbox 453 875 548 936; x_wconf 94' lang='lat' dir='ltr'><strong>lutum</strong></span> <span class='ocrx_word' id='word_1_56' title='bbox 570 894 610 950; x_wconf 86' lang='lat' dir='ltr'><strong>cs,</strong></span> <span class='ocrx_word' id='word_1_57' title='bbox 633 894 715 937; x_wconf 93' lang='lat' dir='ltr'><strong>nunc</strong></span> <span class='ocrx_word' id='word_1_58' title='bbox 738 894 820 937; x_wconf 88' lang='lat' dir='ltr'><strong>nuno</strong></span> <span class='ocrx_word' id='word_1_59' title='bbox 842 876 1046 955; x_wconf 89' lang='lat' dir='ltr'><strong>properandus</strong></span> <span class='ocrx_word' id='word_1_60' title='bbox 1068 883 1097 937; x_wconf 91' lang='lat' dir='ltr'><strong>et</strong></span> <span class='ocrx_word' id='word_1_61' title='bbox 1119 875 1179 938; x_wconf 88' lang='lat' dir='ltr'><strong>aori</strong></span> 
     </span>
    </p>
   </div>
   <div class='ocr_carea' id='block_1_12' title="bbox 176 959 1247 1125">
    <p class='ocr_par' dir='ltr' id='par_1_12' title="bbox 176 959 1247 1125">
     <span class='ocr_line' id='line_1_15' title="bbox 176 959 927 1041; baseline 0.001 -22"><span class='ocrx_word' id='word_1_62' title='bbox 176 959 335 1038; x_wconf 88' lang='lat' dir='ltr'><strong>fingendus</strong></span> <span class='ocrx_word' id='word_1_63' title='bbox 357 960 422 1022; x_wconf 90' lang='lat' dir='ltr'><strong>sine</strong></span> <span class='ocrx_word' id='word_1_64' title='bbox 444 962 504 1021; x_wconf 89' lang='lat' dir='ltr'><strong>line</strong></span> <span class='ocrx_word' id='word_1_65' title='bbox 526 969 601 1022; x_wconf 86' lang='lat' dir='ltr'><strong>rota.</strong></span> <span class='ocrx_word' id='word_1_66' title='bbox 637 961 688 1022; x_wconf 89' lang='lat' dir='ltr'><strong>sed</strong></span> <span class='ocrx_word' id='word_1_67' title='bbox 711 979 782 1022; x_wconf 93' lang='lat' dir='ltr'><strong>rure</strong></span> <span class='ocrx_word' id='word_1_68' title='bbox 803 969 927 1041; x_wconf 90' lang='lat' dir='ltr'><strong>paterno</strong></span> 
     </span>
     <span class='ocr_line' id='line_1_16' title="bbox 178 1043 1247 1125; baseline 0 -19"><span class='ocrx_word' id='word_1_69' title='bbox 178 1043 297 1106; x_wconf 90' lang='lat' dir='ltr'><strong>esttibi</strong></span> <span class='ocrx_word' id='word_1_70' title='bbox 319 1045 365 1106; x_wconf 83' lang='lat' dir='ltr'><strong>lar</strong></span> <span class='ocrx_word' id='word_1_71' title='bbox 386 1045 543 1118; x_wconf 84' lang='lat' dir='ltr'><strong>modicum,</strong></span> <span class='ocrx_word' id='word_1_72' title='bbox 566 1063 673 1125; x_wconf 91' lang='lat' dir='ltr'><strong>purum</strong></span> <span class='ocrx_word' id='word_1_73' title='bbox 697 1054 727 1106; x_wconf 89' lang='lat' dir='ltr'><strong>et</strong></span> <span class='ocrx_word' id='word_1_74' title='bbox 748 1046 812 1108; x_wconf 91' lang='lat' dir='ltr'><strong>sine</strong></span> <span class='ocrx_word' id='word_1_75' title='bbox 834 1045 901 1106; x_wconf 89' lang='lat' dir='ltr'><strong>labe</strong></span> <span class='ocrx_word' id='word_1_76' title='bbox 923 1045 1049 1108; x_wconf 84' lang='lat' dir='ltr'><strong>salinum</strong></span> <span class='ocrx_word' id='word_1_77' title='bbox 1070 1077 1112 1090; x_wconf 92' lang='lat'><em>-</em></span> <span class='ocrx_word' id='word_1_78' title='bbox 1219 1055 1247 1106; x_wconf 81' lang='lat' dir='ltr'><strong>tt</strong></span> 
     </span>
    </p>
   </div>
   <div class='ocr_carea' id='block_1_13' title="bbox 60 1098 1065 1296">
    <p class='ocr_par' dir='ltr' id='par_1_13' title="bbox 60 1098 1065 1296">
     <span class='ocr_line' id='line_1_17' title="bbox 75 1098 1065 1217; baseline 0.002 -29"><span class='ocrx_word' id='word_1_79' title='bbox 75 1098 248 1216; x_wconf 41' lang='lat' dir='ltr'><strong>Qquid</strong></span> <span class='ocrx_word' id='word_1_80' title='bbox 269 1128 403 1192; x_wconf 82' lang='lat' dir='ltr'><strong>metuasl</strong></span> <span class='ocrx_word' id='word_1_81' title='bbox 426 1166 468 1177; x_wconf 90' lang='lat'>-</span> <span class='ocrx_word' id='word_1_82' title='bbox 489 1131 655 1216; x_wconf 64' lang='lat' dir='ltr'><strong>cultrigque</strong></span> <span class='ocrx_word' id='word_1_83' title='bbox 677 1131 735 1217; x_wconf 65' lang='lat' dir='ltr'><strong>loci</strong></span> <span class='ocrx_word' id='word_1_84' title='bbox 758 1148 862 1192; x_wconf 88' lang='lat' dir='ltr'><strong>secura</strong></span> <span class='ocrx_word' id='word_1_85' title='bbox 884 1130 991 1210; x_wconf 88' lang='lat' dir='ltr'><strong>patella</strong></span> <span class='ocrx_word' id='word_1_86' title='bbox 1012 1137 1065 1192; x_wconf 91' lang='lat' dir='ltr'><strong>est.</strong></span> 
     </span>
     <span class='ocr_line' id='line_1_18' title="bbox 60 1213 1010 1296; baseline 0.003 -22"><span class='ocrx_word' id='word_1_87' title='bbox 60 1228 63 1238; x_wconf 84' lang='grc'><em>“</em></span> <span class='ocrx_word' id='word_1_88' title='bbox 96 1213 159 1292; x_wconf 57' lang='grc' dir='ltr'><strong>Μ’</strong></span> <span class='ocrx_word' id='word_1_89' title='bbox 176 1214 235 1275; x_wconf 91' lang='lat' dir='ltr'><strong>hoe</strong></span> <span class='ocrx_word' id='word_1_90' title='bbox 256 1213 346 1276; x_wconf 81' lang='lat' dir='ltr'><strong>satisl</strong></span> <span class='ocrx_word' id='word_1_91' title='bbox 368 1234 405 1276; x_wconf 92' lang='lat' dir='ltr'><strong>an</strong></span> <span class='ocrx_word' id='word_1_92' title='bbox 428 1216 530 1278; x_wconf 87' lang='lat' dir='ltr'><strong>deceat</strong></span> <span class='ocrx_word' id='word_1_93' title='bbox 552 1215 724 1295; x_wconf 85' lang='lat' dir='ltr'>pulmonem</span> <span class='ocrx_word' id='word_1_94' title='bbox 746 1234 885 1296; x_wconf 84' lang='lat' dir='ltr'><strong>rumpere</strong></span> <span class='ocrx_word' id='word_1_95' title='bbox 906 1216 1010 1290; x_wconf 88' lang='lat' dir='ltr'><strong>ventis,</strong></span> 
     </span>
    </p>
   </div>
   <div class='ocr_carea' id='block_1_14' title="bbox 54 1287 187 1372">
    <p class='ocr_par' dir='ltr' id='par_1_14' title="bbox 54 1287 187 1372">
     <span class='ocr_line' id='line_1_19' title="bbox 54 1287 187 1372; baseline 0.023 -4"><span class='ocrx_word' id='word_1_96' title='bbox 54 1287 93 1372; x_wconf 47' lang='lat' dir='ltr'><strong>:li</strong></span> <span class='ocrx_word' id='word_1_97' title='bbox 149 1317 187 1371; x_wconf 62' lang='lat' dir='ltr'><strong>aei</strong></span> 
     </span>
    </p>
   </div>
   <div class='ocr_carea' id='block_1_15' title="bbox 85 1382 89 1419">
    <p class='ocr_par' dir='ltr' id='par_1_15' title="bbox 85 1382 89 1419">
     <span class='ocr_line' id='line_1_20' title="bbox 85 1382 89 1419; baseline 0 0"><span class='ocrx_word' id='word_1_98' title='bbox 85 1382 89 1419; x_wconf 76' lang='lat' dir='ltr'><strong>i</strong></span> 
     </span>
    </p>
   </div>
   <div class='ocr_carea' id='block_1_16' title="bbox 32 1462 76 1557">
    <p class='ocr_par' dir='ltr' id='par_1_16' title="bbox 32 1462 76 1557">
     <span class='ocr_line' id='line_1_21' title="bbox 32 1462 76 1557; baseline 0 -83"><span class='ocrx_word' id='word_1_99' title='bbox 32 1462 35 1474; x_wconf 83' lang='grc'><em>,</em></span> <span class='ocrx_word' id='word_1_100' title='bbox 55 1467 76 1557; x_wconf 33' lang='lat' dir='ltr'><strong>q)</strong></span> 
     </span>
    </p>
   </div>
   <div class='ocr_carea' id='block_1_17' title="bbox 84 1369 1248 1472">
    <p class='ocr_par' dir='ltr' id='par_1_17' title="bbox 33 1369 1248 1472">
     <span class='ocr_line' id='line_1_22' title="bbox 84 1369 1248 1472; baseline 0.002 -29.916"><span class='ocrx_word' id='word_1_101' title='bbox 84 1369 151 1472; x_wconf 49' lang='lat' dir='ltr'><strong>pit*</strong></span> <span class='ocrx_word' id='word_1_102' title='bbox 177 1385 266 1443; x_wconf 87' lang='lat' dir='ltr'><strong>dicere</strong></span> <span class='ocrx_word' id='word_1_103' title='bbox 291 1385 380 1444; x_wconf 81' lang='lat' dir='ltr'><strong>solent</strong></span> <span class='ocrx_word' id='word_1_104' title='bbox 402 1375 475 1444; x_wconf 88' lang='lat' dir='ltr'><strong>‘lalla</strong></span> <span class='ocrx_word' id='word_1_105' title='bbox 496 1373 570 1444; x_wconf 80' lang='lat' dir='ltr'><strong>lulla&#39;</strong></span> <span class='ocrx_word' id='word_1_106' title='bbox 596 1387 623 1445; x_wconf 94' lang='lat' dir='ltr'><strong>id</strong></span> <span class='ocrx_word' id='word_1_107' title='bbox 651 1398 692 1445; x_wconf 84' lang='lat' dir='ltr'><strong>est</strong></span> <span class='ocrx_word' id='word_1_108' title='bbox 719 1398 765 1446; x_wconf 91' lang='lat' dir='ltr'><strong>aut</strong></span> <span class='ocrx_word' id='word_1_109' title='bbox 790 1389 875 1447; x_wconf 92' lang='lat' dir='ltr'><strong>dormi</strong></span> <span class='ocrx_word' id='word_1_110' title='bbox 897 1397 944 1445; x_wconf 90' lang='lat' dir='ltr'><strong>ant</strong></span> <span class='ocrx_word' id='word_1_111' title='bbox 965 1388 1048 1451; x_wconf 84' lang='lat' dir='ltr'><strong>lacta,</strong></span> <span class='ocrx_word' id='word_1_112' title='bbox 1078 1387 1153 1461; x_wconf 90' lang='lat' dir='ltr'><strong>qnod</strong></span> <span class='ocrx_word' id='word_1_113' title='bbox 1173 1387 1248 1462; x_wconf 87' lang='lat' dir='ltr'><strong>quasi</strong></span> 
     </span>
    </p>
   </div>
   <div class='ocr_carea' id='block_1_18' title="bbox 175 1470 1250 1971">
    <p class='ocr_par' dir='ltr' id='par_1_18' title="bbox 175 1470 1250 1971">
     <span class='ocr_line' id='line_1_23' title="bbox 178 1470 1250 1547; baseline 0.001 -20"><span class='ocrx_word' id='word_1_114' title='bbox 178 1470 238 1527; x_wconf 90' lang='lat' dir='ltr'><strong>irati</strong></span> <span class='ocrx_word' id='word_1_115' title='bbox 259 1470 375 1528; x_wconf 84' lang='lat' dir='ltr'><strong>infantes</strong></span> <span class='ocrx_word' id='word_1_116' title='bbox 397 1472 503 1529; x_wconf 89' lang='lat' dir='ltr'><strong>nolunt.</strong></span> <span class='ocrx_word' id='word_1_117' title='bbox 591 1476 630 1531; x_wconf 85' lang='grc'><strong>20</strong></span> <span class='ocrx_word' id='word_1_118' title='bbox 653 1490 667 1529; x_wconf 88' lang='lat' dir='ltr'><strong>a</strong></span> <span class='ocrx_word' id='word_1_119' title='bbox 689 1490 751 1530; x_wconf 90' lang='lat' dir='ltr'><strong>vase</strong></span> <span class='ocrx_word' id='word_1_120' title='bbox 772 1474 864 1530; x_wconf 88' lang='lat' dir='ltr'><strong>vitiato</strong></span> <span class='ocrx_word' id='word_1_121' title='bbox 887 1473 961 1547; x_wconf 91' lang='lat' dir='ltr'><strong>quod</strong></span> <span class='ocrx_word' id='word_1_122' title='bbox 988 1472 1053 1528; x_wconf 89' lang='lat' dir='ltr'><strong>nihil</strong></span> <span class='ocrx_word' id='word_1_123' title='bbox 1078 1472 1106 1529; x_wconf 92' lang='lat' dir='ltr'><strong>iu</strong></span> <span class='ocrx_word' id='word_1_124' title='bbox 1129 1489 1158 1529; x_wconf 91' lang='lat' dir='ltr'><strong>se</strong></span> <span class='ocrx_word' id='word_1_125' title='bbox 1180 1489 1250 1530; x_wconf 93' lang='lat' dir='ltr'><strong>con-</strong></span> 
     </span>
     <span class='ocr_line' id='line_1_24' title="bbox 175 1555 1246 1633; baseline 0 -21"><span class='ocrx_word' id='word_1_126' title='bbox 175 1555 252 1622; x_wconf 82' lang='lat' dir='ltr'><strong>tinet,</strong></span> <span class='ocrx_word' id='word_1_127' title='bbox 276 1557 499 1631; x_wconf 92' lang='lat' dir='ltr'><strong>quemadmodum</strong></span> <span class='ocrx_word' id='word_1_128' title='bbox 521 1556 564 1613; x_wconf 92' lang='lat' dir='ltr'><strong>hic</strong></span> <span class='ocrx_word' id='word_1_129' title='bbox 585 1556 686 1614; x_wconf 83' lang='lat' dir='ltr'><strong>effusus</strong></span> <span class='ocrx_word' id='word_1_130' title='bbox 706 1576 756 1632; x_wconf 90' lang='lat' dir='ltr'><strong>per</strong></span> <span class='ocrx_word' id='word_1_131' title='bbox 777 1558 840 1616; x_wconf 92' lang='lat' dir='ltr'><strong>vitia</strong></span> <span class='ocrx_word' id='word_1_132' title='bbox 854 1557 920 1614; x_wconf 91' lang='lat' dir='ltr'><strong>nihil</strong></span> <span class='ocrx_word' id='word_1_133' title='bbox 935 1557 1078 1633; x_wconf 79' lang='lat' dir='ltr'><strong>sapientiae</strong></span> <span class='ocrx_word' id='word_1_134' title='bbox 1093 1558 1120 1612; x_wconf 91' lang='lat' dir='ltr'><strong>in</strong></span> <span class='ocrx_word' id='word_1_135' title='bbox 1136 1575 1165 1615; x_wconf 88' lang='lat' dir='ltr'><strong>se</strong></span> <span class='ocrx_word' id='word_1_136' title='bbox 1180 1573 1246 1614; x_wconf 91' lang='lat' dir='ltr'><strong>con-</strong></span> 
     </span>
     <span class='ocr_line' id='line_1_25' title="bbox 176 1633 1249 1718; baseline 0.001 -21"><span class='ocrx_word' id='word_1_137' title='bbox 176 1641 252 1698; x_wconf 89' lang='lat' dir='ltr'><strong>tinet.</strong></span> <span class='ocrx_word' id='word_1_138' title='bbox 296 1650 327 1698; x_wconf 82' lang='lat' dir='ltr'><strong>ut</strong></span> <span class='ocrx_word' id='word_1_139' title='bbox 349 1642 489 1698; x_wconf 82' lang='lat' dir='ltr'><strong>Terentius</strong></span> <span class='ocrx_word' id='word_1_140' title='bbox 510 1643 538 1698; x_wconf 94' lang='lat' dir='ltr'><strong>in</strong></span> <span class='ocrx_word' id='word_1_141' title='bbox 561 1642 689 1699; x_wconf 78' lang='lat' dir='ltr'><strong>Eunucho</strong></span> <span class='ocrx_word' id='word_1_142' title='bbox 711 1641 794 1718; x_wconf 87' lang='grc'><strong>[105]</strong></span> <span class='ocrx_word' id='word_1_143' title='bbox 822 1633 932 1717; x_wconf 87' lang='lat' dir='ltr'><strong>‘plenus</strong></span> <span class='ocrx_word' id='word_1_144' title='bbox 953 1645 1080 1700; x_wconf 90' lang='lat' dir='ltr'><strong>rimarum</strong></span> <span class='ocrx_word' id='word_1_145' title='bbox 1101 1660 1177 1714; x_wconf 80' lang='lat' dir='ltr'><strong>surm,</strong></span> <span class='ocrx_word' id='word_1_146' title='bbox 1199 1643 1249 1699; x_wconf 90' lang='lat' dir='ltr'><strong>hac</strong></span> 
     </span>
     <span class='ocr_line' id='line_1_26' title="bbox 177 1713 1248 1799; baseline 0.003 -18"><span class='ocrx_word' id='word_1_147' title='bbox 177 1733 258 1799; x_wconf 82' lang='lat' dir='ltr'><strong>atque</strong></span> <span class='ocrx_word' id='word_1_148' title='bbox 285 1725 345 1784; x_wconf 92' lang='lat' dir='ltr'><strong>illac</strong></span> <span class='ocrx_word' id='word_1_149' title='bbox 375 1713 484 1783; x_wconf 85' lang='lat' dir='ltr'><strong>effluo&#39;.</strong></span> <span class='ocrx_word' id='word_1_150' title='bbox 591 1729 629 1785; x_wconf 85' lang='lat'><strong>21</strong></span> <span class='ocrx_word' id='word_1_151' title='bbox 659 1737 841 1786; x_wconf 86' lang='lat' dir='ltr'><strong>contemnere.</strong></span> <span class='ocrx_word' id='word_1_152' title='bbox 890 1729 956 1786; x_wconf 88' lang='lat' dir='ltr'><strong>haee</strong></span> <span class='ocrx_word' id='word_1_153' title='bbox 982 1728 1014 1785; x_wconf 86' lang='lat' dir='ltr'><strong>ab</strong></span> <span class='ocrx_word' id='word_1_154' title='bbox 1043 1727 1153 1784; x_wconf 88' lang='lat' dir='ltr'><strong>lloratio</strong></span> <span class='ocrx_word' id='word_1_155' title='bbox 1181 1726 1248 1784; x_wconf 82' lang='lat' dir='ltr'><strong>male</strong></span> 
     </span>
     <span class='ocr_line' id='line_1_27' title="bbox 178 1801 1247 1888; baseline 0 -21"><span class='ocrx_word' id='word_1_156' title='bbox 178 1811 307 1868; x_wconf 71' lang='lat' dir='ltr'><strong>manslata</strong></span> <span class='ocrx_word' id='word_1_157' title='bbox 327 1811 511 1887; x_wconf 82' lang='lat' dir='ltr'><strong>intempestiva</strong></span> <span class='ocrx_word' id='word_1_158' title='bbox 533 1822 606 1868; x_wconf 86' lang='lat' dir='ltr'><strong>sunt.</strong></span> <span class='ocrx_word' id='word_1_159' title='bbox 652 1811 777 1870; x_wconf 90' lang='lat' dir='ltr'><strong>lloratius</strong></span> <span class='ocrx_word' id='word_1_160' title='bbox 799 1813 864 1888; x_wconf 86' lang='lat' dir='ltr'><strong>[sot.</strong></span> <span class='ocrx_word' id='word_1_161' title='bbox 887 1814 916 1885; x_wconf 84' lang='lat'><strong>2,</strong></span> <span class='ocrx_word' id='word_1_162' title='bbox 934 1816 962 1885; x_wconf 85' lang='lat'><strong>3,</strong></span> <span class='ocrx_word' id='word_1_163' title='bbox 983 1810 1030 1886; x_wconf 85' lang='lat'><strong>13]</strong></span> <span class='ocrx_word' id='word_1_164' title='bbox 1051 1801 1130 1886; x_wconf 83' lang='lat' dir='ltr'><strong>‘quin</strong></span> <span class='ocrx_word' id='word_1_165' title='bbox 1152 1820 1181 1870; x_wconf 92' lang='lat' dir='ltr'><strong>tu</strong></span> <span class='ocrx_word' id='word_1_166' title='bbox 1202 1812 1247 1868; x_wconf 95' lang='lat' dir='ltr'><strong>in-</strong></span> 
     </span>
     <span class='ocr_line' id='line_1_28' title="bbox 176 1884 1249 1971; baseline 0.003 -21"><span class='ocrx_word' id='word_1_167' title='bbox 176 1896 271 1953; x_wconf 84' lang='lat' dir='ltr'><strong>vidiam</strong></span> <span class='ocrx_word' id='word_1_168' title='bbox 298 1895 403 1970; x_wconf 89' lang='lat' dir='ltr'><strong>placare</strong></span> <span class='ocrx_word' id='word_1_169' title='bbox 424 1914 519 1971; x_wconf 82' lang='lat' dir='ltr'><strong>paras,</strong></span> <span class='ocrx_word' id='word_1_170' title='bbox 547 1897 646 1954; x_wconf 88' lang='lat' dir='ltr'><strong>virtute</strong></span> <span class='ocrx_word' id='word_1_171' title='bbox 680 1895 795 1955; x_wconf 83' lang='lat' dir='ltr'><strong>relieta‘l</strong></span> <span class='ocrx_word' id='word_1_172' title='bbox 823 1907 996 1956; x_wconf 89' lang='lat' dir='ltr'><strong>contemnere</strong></span> <span class='ocrx_word' id='word_1_173' title='bbox 1024 1884 1131 1954; x_wconf 81' lang='lat' dir='ltr'><strong>miser&#39;.</strong></span> <span class='ocrx_word' id='word_1_174' title='bbox 1221 1906 1249 1956; x_wconf 88' lang='lat' dir='ltr'><strong>et</strong></span> 
     </span>
    </p>
   </div>
   <div class='ocr_carea' id='block_1_19' title="bbox 125 1972 1245 2058">
    <p class='ocr_par' dir='ltr' id='par_1_19' title="bbox 125 1972 1245 2058">
     <span class='ocr_line' id='line_1_29' title="bbox 125 1972 1245 2058; baseline 0.002 -22"><span class='ocrx_word' id='word_1_175' title='bbox 125 1978 129 1986; x_wconf 82' lang='grc'><em>’</em></span> <span class='ocrx_word' id='word_1_176' title='bbox 178 1988 258 2037; x_wconf 89' lang='lat' dir='ltr'><strong>sonat</strong></span> <span class='ocrx_word' id='word_1_177' title='bbox 278 1981 371 2039; x_wconf 90' lang='lat' dir='ltr'><strong>vitium</strong></span> <span class='ocrx_word' id='word_1_178' title='bbox 393 1982 476 2039; x_wconf 88' lang='lat' dir='ltr'><strong>active</strong></span> <span class='ocrx_word' id='word_1_179' title='bbox 499 1983 627 2056; x_wconf 85' lang='lat' dir='ltr'><strong>dicimus,</strong></span> <span class='ocrx_word' id='word_1_180' title='bbox 649 1991 681 2040; x_wconf 91' lang='lat' dir='ltr'><strong>ut</strong></span> <span class='ocrx_word' id='word_1_181' title='bbox 705 1972 770 2041; x_wconf 88' lang='lat' dir='ltr'><strong>‘nec</strong></span> <span class='ocrx_word' id='word_1_182' title='bbox 796 2001 847 2040; x_wconf 83' lang='lat' dir='ltr'><strong>vor</strong></span> <span class='ocrx_word' id='word_1_183' title='bbox 875 1983 1009 2040; x_wconf 88' lang='lat' dir='ltr'><strong>hominem</strong></span> <span class='ocrx_word' id='word_1_184' title='bbox 1031 1976 1127 2039; x_wconf 90' lang='lat' dir='ltr'><strong>sonat&#39;</strong></span> <span class='ocrx_word' id='word_1_185' title='bbox 1150 1981 1245 2058; x_wconf 77' lang='lat' dir='ltr'><strong>[Verg.</strong></span> 
     </span>
    </p>
   </div>
   <div class='ocr_carea' id='block_1_20' title="bbox 174 2061 1249 3758">
    <p class='ocr_par' dir='ltr' id='par_1_20' title="bbox 174 2061 1249 3758">
     <span class='ocr_line' id='line_1_30' title="bbox 175 2061 1249 2143; baseline 0.001 -21"><span class='ocrx_word' id='word_1_186' title='bbox 175 2061 249 2122; x_wconf 78' lang='lat' dir='ltr'><strong>Aea.</strong></span> <span class='ocrx_word' id='word_1_187' title='bbox 268 2070 295 2138; x_wconf 87' lang='lat'><strong>1,</strong></span> <span class='ocrx_word' id='word_1_188' title='bbox 313 2065 396 2142; x_wconf 84' lang='lat'>328]‚</span> <span class='ocrx_word' id='word_1_189' title='bbox 419 2076 447 2124; x_wconf 85' lang='lat' dir='ltr'><strong>et</strong></span> <span class='ocrx_word' id='word_1_190' title='bbox 467 2066 581 2140; x_wconf 88' lang='lat' dir='ltr'><strong>maligne</strong></span> <span class='ocrx_word' id='word_1_191' title='bbox 602 2084 653 2143; x_wconf 94' lang='lat' dir='ltr'><strong>pro</strong></span> <span class='ocrx_word' id='word_1_192' title='bbox 669 2070 766 2125; x_wconf 89' lang='lat' dir='ltr'><strong>aeriter</strong></span> <span class='ocrx_word' id='word_1_193' title='bbox 781 2069 832 2126; x_wconf 90' lang='lat' dir='ltr'><strong>dici</strong></span> <span class='ocrx_word' id='word_1_194' title='bbox 849 2076 948 2141; x_wconf 79' lang='lat' dir='ltr'><strong>potest.</strong></span> <span class='ocrx_word' id='word_1_195' title='bbox 1006 2067 1058 2124; x_wconf 90' lang='lat' dir='ltr'><strong>hoc</strong></span> <span class='ocrx_word' id='word_1_196' title='bbox 1073 2067 1149 2124; x_wconf 89' lang='lat' dir='ltr'><strong>dicit:</strong></span> <span class='ocrx_word' id='word_1_197' title='bbox 1174 2083 1249 2141; x_wconf 91' lang='lat' dir='ltr'><strong>quo·</strong></span> 
     </span>
     <span class='ocr_line' id='line_1_31' title="bbox 176 2151 1249 2210; baseline 0 -4"><span class='ocrx_word' id='word_1_198' title='bbox 176 2151 257 2207; x_wconf 91' lang='lat' dir='ltr'><strong>modo</strong></span> <span class='ocrx_word' id='word_1_199' title='bbox 279 2168 325 2208; x_wconf 89' lang='lat' dir='ltr'><strong>vas</strong></span> <span class='ocrx_word' id='word_1_200' title='bbox 346 2169 401 2208; x_wconf 90' lang='lat' dir='ltr'><strong>non</strong></span> <span class='ocrx_word' id='word_1_201' title='bbox 424 2151 494 2208; x_wconf 90' lang='lat' dir='ltr'><strong>bene</strong></span> <span class='ocrx_word' id='word_1_202' title='bbox 516 2162 623 2209; x_wconf 88' lang='lat' dir='ltr'><strong>coctum</strong></span> <span class='ocrx_word' id='word_1_203' title='bbox 646 2169 702 2208; x_wconf 93' lang='lat' dir='ltr'><strong>uon</strong></span> <span class='ocrx_word' id='word_1_204' title='bbox 723 2161 831 2209; x_wconf 90' lang='lat' dir='ltr'><strong>acutum</strong></span> <span class='ocrx_word' id='word_1_205' title='bbox 852 2170 948 2210; x_wconf 92' lang='lat' dir='ltr'><strong>sonum</strong></span> <span class='ocrx_word' id='word_1_206' title='bbox 979 2153 1066 2210; x_wconf 86' lang='lat' dir='ltr'><strong>reddit</strong></span> <span class='ocrx_word' id='word_1_207' title='bbox 1093 2151 1136 2208; x_wconf 93' lang='lat' dir='ltr'><strong>vel</strong></span> <span class='ocrx_word' id='word_1_208' title='bbox 1164 2152 1249 2208; x_wconf 92' lang='lat' dir='ltr'><strong>tinni-</strong></span> 
     </span>
     <span class='ocr_line' id='line_1_32' title="bbox 176 2235 1249 2312; baseline 0.001 -21"><span class='ocrx_word' id='word_1_209' title='bbox 176 2242 233 2291; x_wconf 93' lang='lat' dir='ltr'><strong>tum</strong></span> <span class='ocrx_word' id='word_1_210' title='bbox 256 2245 282 2292; x_wconf 86' lang='lat' dir='ltr'><strong>et</strong></span> <span class='ocrx_word' id='word_1_211' title='bbox 303 2235 394 2309; x_wconf 89' lang='lat' dir='ltr'><strong>prodit</strong></span> <span class='ocrx_word' id='word_1_212' title='bbox 415 2235 508 2291; x_wconf 89' lang='lat' dir='ltr'><strong>vitium</strong></span> <span class='ocrx_word' id='word_1_213' title='bbox 530 2253 620 2309; x_wconf 85' lang='lat' dir='ltr'><strong>suum,</strong></span> <span class='ocrx_word' id='word_1_214' title='bbox 641 2237 677 2292; x_wconf 92' lang='lat' dir='ltr'><strong>ita</strong></span> <span class='ocrx_word' id='word_1_215' title='bbox 700 2248 727 2294; x_wconf 84' lang='lat' dir='ltr'><strong>et</strong></span> <span class='ocrx_word' id='word_1_216' title='bbox 748 2237 829 2293; x_wconf 91' lang='lat' dir='ltr'><strong>homo</strong></span> <span class='ocrx_word' id='word_1_217' title='bbox 851 2254 907 2294; x_wconf 89' lang='lat' dir='ltr'><strong>non</strong></span> <span class='ocrx_word' id='word_1_218' title='bbox 922 2238 991 2295; x_wconf 89' lang='lat' dir='ltr'><strong>hene</strong></span> <span class='ocrx_word' id='word_1_219' title='bbox 1007 2235 1134 2312; x_wconf 85' lang='lat' dir='ltr'><strong>sapientia</strong></span> <span class='ocrx_word' id='word_1_220' title='bbox 1147 2236 1249 2310; x_wconf 91' lang='lat' dir='ltr'><strong>politus</strong></span> 
     </span>
     <span class='ocr_line' id='line_1_33' title="bbox 176 2319 1248 2398; baseline 0.003 -23"><span class='ocrx_word' id='word_1_221' title='bbox 176 2319 266 2376; x_wconf 84' lang='lat' dir='ltr'><strong>vitium</strong></span> <span class='ocrx_word' id='word_1_222' title='bbox 290 2337 367 2377; x_wconf 92' lang='lat' dir='ltr'><strong>suum</strong></span> <span class='ocrx_word' id='word_1_223' title='bbox 391 2328 535 2395; x_wconf 84' lang='lat' dir='ltr'><strong>temptatus</strong></span> <span class='ocrx_word' id='word_1_224' title='bbox 562 2321 679 2379; x_wconf 89' lang='lat' dir='ltr'><strong>ostendit</strong></span> <span class='ocrx_word' id='word_1_225' title='bbox 704 2331 731 2380; x_wconf 90' lang='lat' dir='ltr'><strong>et</strong></span> <span class='ocrx_word' id='word_1_226' title='bbox 757 2332 867 2398; x_wconf 88' lang='lat' dir='ltr'><strong>apparet</strong></span> <span class='ocrx_word' id='word_1_227' title='bbox 889 2323 975 2397; x_wconf 89' lang='lat' dir='ltr'><strong>qualis</strong></span> <span class='ocrx_word' id='word_1_228' title='bbox 997 2322 1105 2380; x_wconf 88' lang='lat' dir='ltr'><strong>iuturus</strong></span> <span class='ocrx_word' id='word_1_229' title='bbox 1134 2333 1191 2395; x_wconf 83' lang='lat' dir='ltr'><strong>est,</strong></span> <span class='ocrx_word' id='word_1_230' title='bbox 1221 2321 1248 2378; x_wconf 92' lang='lat' dir='ltr'><strong>id</strong></span> 
     </span>
     <span class='ocr_line' id='line_1_34' title="bbox 177 2404 1249 2482; baseline 0.004 -22"><span class='ocrx_word' id='word_1_231' title='bbox 177 2413 218 2461; x_wconf 89' lang='lat' dir='ltr'><strong>est</strong></span> <span class='ocrx_word' id='word_1_232' title='bbox 238 2405 328 2465; x_wconf 90' lang='lat' dir='ltr'><strong>miser.</strong></span> <span class='ocrx_word' id='word_1_233' title='bbox 371 2404 538 2480; x_wconf 88' lang='lat' dir='ltr'><strong>allegoricos.</strong></span> <span class='ocrx_word' id='word_1_234' title='bbox 626 2408 665 2466; x_wconf 84' lang='lat'><strong>22</strong></span> <span class='ocrx_word' id='word_1_235' title='bbox 689 2408 762 2482; x_wconf 92' lang='lat' dir='ltr'><strong>quod</strong></span> <span class='ocrx_word' id='word_1_236' title='bbox 784 2425 853 2465; x_wconf 90' lang='lat' dir='ltr'><strong>sono</strong></span> <span class='ocrx_word' id='word_1_237' title='bbox 882 2417 935 2465; x_wconf 72' lang='lat' dir='ltr'><strong>mm</strong></span> <span class='ocrx_word' id='word_1_238' title='bbox 966 2408 1048 2465; x_wconf 90' lang='lat' dir='ltr'><strong>cruda</strong></span> <span class='ocrx_word' id='word_1_239' title='bbox 1070 2424 1149 2482; x_wconf 91' lang='lat' dir='ltr'><strong>quam</strong></span> <span class='ocrx_word' id='word_1_240' title='bbox 1171 2416 1249 2464; x_wconf 88' lang='lat' dir='ltr'><strong>cocta</strong></span> 
     </span>
     <span class='ocr_line' id='line_1_35' title="bbox 175 2490 1246 2566; baseline 0.004 -22"><span class='ocrx_word' id='word_1_241' title='bbox 175 2505 237 2546; x_wconf 89' lang='lat' dir='ltr'><strong>vasa</strong></span> <span class='ocrx_word' id='word_1_242' title='bbox 259 2490 444 2566; x_wconf 85' lang='lat' dir='ltr'><strong>explorantur.</strong></span> <span class='ocrx_word' id='word_1_243' title='bbox 509 2492 585 2550; x_wconf 90' lang='lat' dir='ltr'><strong>viridi</strong></span> <span class='ocrx_word' id='word_1_244' title='bbox 606 2491 679 2550; x_wconf 91' lang='lat' dir='ltr'><strong>limo.</strong></span> <span class='ocrx_word' id='word_1_245' title='bbox 703 2503 775 2551; x_wconf 90' lang='lat' dir='ltr'><strong>creta</strong></span> <span class='ocrx_word' id='word_1_246' title='bbox 797 2511 853 2550; x_wconf 89' lang='lat' dir='ltr'><strong>nou</strong></span> <span class='ocrx_word' id='word_1_247' title='bbox 876 2503 952 2551; x_wconf 85' lang='lat' dir='ltr'><strong>coetu</strong></span> <span class='ocrx_word' id='word_1_248' title='bbox 974 2492 1016 2550; x_wconf 87' lang='lat' dir='ltr'><strong>vel</strong></span> <span class='ocrx_word' id='word_1_249' title='bbox 1037 2493 1125 2550; x_wconf 93' lang='lat' dir='ltr'><strong>adhue</strong></span> <span class='ocrx_word' id='word_1_250' title='bbox 1146 2493 1246 2549; x_wconf 88' lang='lat' dir='ltr'><strong>hahens</strong></span> 
     </span>
     <span class='ocr_line' id='line_1_36' title="bbox 174 2574 1247 2651; baseline 0.003 -20"><span class='ocrx_word' id='word_1_251' title='bbox 174 2574 266 2632; x_wconf 93' lang='lat' dir='ltr'><strong>limum</strong></span> <span class='ocrx_word' id='word_1_252' title='bbox 288 2576 316 2633; x_wconf 96' lang='lat' dir='ltr'><strong>id</strong></span> <span class='ocrx_word' id='word_1_253' title='bbox 339 2585 381 2635; x_wconf 90' lang='lat' dir='ltr'><strong>est</strong></span> <span class='ocrx_word' id='word_1_254' title='bbox 401 2577 530 2651; x_wconf 80' lang='lat' dir='ltr'><strong>argillam.</strong></span> <span class='ocrx_word' id='word_1_255' title='bbox 574 2577 620 2634; x_wconf 92' lang='lat' dir='ltr'><strong>sed</strong></span> <span class='ocrx_word' id='word_1_256' title='bbox 642 2578 751 2635; x_wconf 92' lang='lat' dir='ltr'><strong>dubium</strong></span> <span class='ocrx_word' id='word_1_257' title='bbox 776 2587 867 2636; x_wconf 89' lang='lat' dir='ltr'><strong>utrum</strong></span> <span class='ocrx_word' id='word_1_258' title='bbox 890 2577 1060 2635; x_wconf 89' lang='lat' dir='ltr'><strong>similitudine</strong></span> <span class='ocrx_word' id='word_1_259' title='bbox 1081 2595 1148 2634; x_wconf 88' lang='lat' dir='ltr'><strong>usus</strong></span> <span class='ocrx_word' id='word_1_260' title='bbox 1162 2577 1197 2634; x_wconf 84' lang='lat' dir='ltr'><strong>sit</strong></span> <span class='ocrx_word' id='word_1_261' title='bbox 1213 2594 1247 2634; x_wconf 92' lang='lat' dir='ltr'><strong>an</strong></span> 
     </span>
     <span class='ocr_line' id='line_1_37' title="bbox 175 2660 1246 2736; baseline 0.001 -19"><span class='ocrx_word' id='word_1_262' title='bbox 175 2660 312 2732; x_wconf 86' lang='lat' dir='ltr'><strong>allegoria.</strong></span> <span class='ocrx_word' id='word_1_263' title='bbox 420 2663 458 2720; x_wconf 85' lang='grc'><strong>23</strong></span> <span class='ocrx_word' id='word_1_264' title='bbox 482 2661 566 2719; x_wconf 89' lang='lat' dir='ltr'><strong>udum</strong></span> <span class='ocrx_word' id='word_1_265' title='bbox 594 2671 621 2718; x_wconf 87' lang='lat' dir='ltr'><strong>et</strong></span> <span class='ocrx_word' id='word_1_266' title='bbox 645 2662 725 2719; x_wconf 89' lang='lat' dir='ltr'><strong>molle</strong></span> <span class='ocrx_word' id='word_1_267' title='bbox 746 2662 842 2720; x_wconf 92' lang='lat' dir='ltr'><strong>lutum.</strong></span> <span class='ocrx_word' id='word_1_268' title='bbox 885 2661 1014 2736; x_wconf 89' lang='lat' dir='ltr'><strong>figurate:</strong></span> <span class='ocrx_word' id='word_1_269' title='bbox 1038 2662 1126 2720; x_wconf 90' lang='lat' dir='ltr'><strong>adhuc</strong></span> <span class='ocrx_word' id='word_1_270' title='bbox 1148 2662 1246 2720; x_wconf 87' lang='lat' dir='ltr'><strong>crudus</strong></span> 
     </span>
     <span class='ocr_line' id='line_1_38' title="bbox 176 2745 1247 2813; baseline 0 -11"><span class='ocrx_word' id='word_1_271' title='bbox 176 2762 205 2802; x_wconf 89' lang='lat' dir='ltr'><strong>es</strong></span> <span class='ocrx_word' id='word_1_272' title='bbox 227 2755 254 2802; x_wconf 90' lang='lat' dir='ltr'><strong>et</strong></span> <span class='ocrx_word' id='word_1_273' title='bbox 275 2746 380 2802; x_wconf 91' lang='lat' dir='ltr'><strong>assidua</strong></span> <span class='ocrx_word' id='word_1_274' title='bbox 402 2746 589 2802; x_wconf 86' lang='lat' dir='ltr'><strong>exercitatione</strong></span> <span class='ocrx_word' id='word_1_275' title='bbox 611 2745 782 2813; x_wconf 82' lang='lat' dir='ltr'><strong>formandus,</strong></span> <span class='ocrx_word' id='word_1_276' title='bbox 814 2755 845 2804; x_wconf 90' lang='lat' dir='ltr'><strong>ut</strong></span> <span class='ocrx_word' id='word_1_277' title='bbox 874 2746 964 2804; x_wconf 88' lang='lat' dir='ltr'><strong>fictilia</strong></span> <span class='ocrx_word' id='word_1_278' title='bbox 987 2748 1151 2804; x_wconf 91' lang='lat' dir='ltr'><strong>circumactu</strong></span> <span class='ocrx_word' id='word_1_279' title='bbox 1172 2755 1247 2803; x_wconf 89' lang='lat' dir='ltr'><strong>rotae</strong></span> 
     </span>
     <span class='ocr_line' id='line_1_39' title="bbox 175 2829 1247 2908; baseline 0.003 -23"><span class='ocrx_word' id='word_1_280' title='bbox 175 2829 336 2885; x_wconf 81' lang='lat' dir='ltr'><strong>formantur.</strong></span> <span class='ocrx_word' id='word_1_281' title='bbox 435 2830 474 2888; x_wconf 87' lang='grc'><strong>24</strong></span> <span class='ocrx_word' id='word_1_282' title='bbox 497 2830 545 2886; x_wconf 89' lang='lat' dir='ltr'><strong>sed</strong></span> <span class='ocrx_word' id='word_1_283' title='bbox 565 2847 629 2888; x_wconf 91' lang='lat' dir='ltr'><strong>rure</strong></span> <span class='ocrx_word' id='word_1_284' title='bbox 650 2841 773 2905; x_wconf 87' lang='lat' dir='ltr'><strong>paterno.</strong></span> <span class='ocrx_word' id='word_1_285' title='bbox 816 2832 859 2889; x_wconf 90' lang='lat' dir='ltr'><strong>hie</strong></span> <span class='ocrx_word' id='word_1_286' title='bbox 882 2832 1087 2908; x_wconf 82' lang='lat' dir='ltr'><strong>anthypophora</strong></span> <span class='ocrx_word' id='word_1_287' title='bbox 1109 2850 1174 2889; x_wconf 92' lang='lat' dir='ltr'><strong>usus</strong></span> <span class='ocrx_word' id='word_1_288' title='bbox 1197 2840 1247 2888; x_wconf 90' lang='lat' dir='ltr'><strong>est.</strong></span> 
     </span>
     <span class='ocr_line' id='line_1_40' title="bbox 175 2913 1247 2992; baseline 0.003 -22"><span class='ocrx_word' id='word_1_289' title='bbox 175 2915 221 2970; x_wconf 90' lang='lat' dir='ltr'><strong>sed</strong></span> <span class='ocrx_word' id='word_1_290' title='bbox 243 2914 348 2988; x_wconf 84' lang='lat' dir='ltr'><strong>inquies</strong></span> <span class='ocrx_word' id='word_1_291' title='bbox 370 2931 428 2972; x_wconf 85' lang='lat' dir='ltr'><strong>csse</strong></span> <span class='ocrx_word' id='word_1_292' title='bbox 449 2913 497 2970; x_wconf 89' lang='lat' dir='ltr'><strong>tibi</strong></span> <span class='ocrx_word' id='word_1_293' title='bbox 518 2932 574 2972; x_wconf 92' lang='lat' dir='ltr'><strong>rem</strong></span> <span class='ocrx_word' id='word_1_294' title='bbox 596 2914 752 2974; x_wconf 85' lang='lat' dir='ltr'><strong>familiarem</strong></span> <span class='ocrx_word' id='word_1_295' title='bbox 773 2917 903 2975; x_wconf 89' lang='lat' dir='ltr'><strong>mediatae</strong></span> <span class='ocrx_word' id='word_1_296' title='bbox 917 2917 1078 2992; x_wconf 82' lang='lat' dir='ltr'><strong>frugalitatis</strong></span> <span class='ocrx_word' id='word_1_297' title='bbox 1092 2917 1164 2975; x_wconf 83' lang='lat' dir='ltr'><strong>farre</strong></span> <span class='ocrx_word' id='word_1_298' title='bbox 1179 2934 1247 2974; x_wconf 92' lang='lat' dir='ltr'><strong>con-</strong></span> 
     </span>
     <span class='ocr_line' id='line_1_41' title="bbox 175 2999 1247 3077; baseline 0.002 -21"><span class='ocrx_word' id='word_1_299' title='bbox 175 3007 277 3056; x_wconf 89' lang='lat' dir='ltr'><strong>tentam</strong></span> <span class='ocrx_word' id='word_1_300' title='bbox 299 3008 326 3056; x_wconf 86' lang='lat' dir='ltr'><strong>st</strong></span> <span class='ocrx_word' id='word_1_301' title='bbox 347 2999 396 3055; x_wconf 88' lang='lat' dir='ltr'><strong>tihi</strong></span> <span class='ocrx_word' id='word_1_302' title='bbox 417 3015 497 3074; x_wconf 89' lang='lat' dir='ltr'><strong>posse</strong></span> <span class='ocrx_word' id='word_1_303' title='bbox 519 2999 659 3073; x_wconf 84' lang='lat' dir='ltr'><strong>sulficere,</strong></span> <span class='ocrx_word' id='word_1_304' title='bbox 687 3002 789 3058; x_wconf 91' lang='lat' dir='ltr'><strong>etiamsi</strong></span> <span class='ocrx_word' id='word_1_305' title='bbox 818 3003 907 3060; x_wconf 90' lang='lat' dir='ltr'><strong>minus</strong></span> <span class='ocrx_word' id='word_1_306' title='bbox 929 3003 1062 3077; x_wconf 87' lang='lat' dir='ltr'><strong>proficias.</strong></span> <span class='ocrx_word' id='word_1_307' title='bbox 1106 3003 1146 3060; x_wconf 90' lang='lat' dir='ltr'><strong>vel</strong></span> <span class='ocrx_word' id='word_1_308' title='bbox 1169 3003 1247 3059; x_wconf 84' lang='lat' dir='ltr'><strong>etiam</strong></span> 
     </span>
     <span class='ocr_line' id='line_1_42' title="bbox 175 3084 1248 3162; baseline 0.001 -20"><span class='ocrx_word' id='word_1_309' title='bbox 175 3101 224 3159; x_wconf 88' lang='lat' dir='ltr'><strong>per</strong></span> <span class='ocrx_word' id='word_1_310' title='bbox 245 3084 286 3141; x_wconf 89' lang='lat' dir='ltr'><strong>iar</strong></span> <span class='ocrx_word' id='word_1_311' title='bbox 307 3085 442 3142; x_wconf 89' lang='lat' dir='ltr'><strong>modicum</strong></span> <span class='ocrx_word' id='word_1_312' title='bbox 465 3094 492 3142; x_wconf 89' lang='lat' dir='ltr'><strong>et</strong></span> <span class='ocrx_word' id='word_1_313' title='bbox 514 3085 626 3143; x_wconf 91' lang='lat' dir='ltr'><strong>salinum</strong></span> <span class='ocrx_word' id='word_1_314' title='bbox 648 3104 679 3144; x_wconf 91' lang='lat' dir='ltr'><strong>ae</strong></span> <span class='ocrx_word' id='word_1_315' title='bbox 701 3087 844 3162; x_wconf 89' lang='lat' dir='ltr'><strong>patellam,</strong></span> <span class='ocrx_word' id='word_1_316' title='bbox 873 3088 970 3161; x_wconf 90' lang='lat' dir='ltr'><strong>quihus</strong></span> <span class='ocrx_word' id='word_1_317' title='bbox 997 3087 1079 3162; x_wconf 86' lang='lat' dir='ltr'><strong>rebus</strong></span> <span class='ocrx_word' id='word_1_318' title='bbox 1107 3088 1135 3143; x_wconf 95' lang='lat' dir='ltr'><strong>in</strong></span> <span class='ocrx_word' id='word_1_319' title='bbox 1163 3088 1248 3144; x_wconf 89' lang='lat' dir='ltr'><strong>sacri-</strong></span> 
     </span>
     <span class='ocr_line' id='line_1_43' title="bbox 175 3168 1245 3247; baseline 0.004 -22"><span class='ocrx_word' id='word_1_320' title='bbox 175 3168 241 3225; x_wconf 85' lang='lat' dir='ltr'><strong>ficiis</strong></span> <span class='ocrx_word' id='word_1_321' title='bbox 262 3169 374 3243; x_wconf 86' lang='lat' dir='ltr'><strong>utimur,</strong></span> <span class='ocrx_word' id='word_1_322' title='bbox 395 3171 589 3244; x_wconf 81' lang='lat' dir='ltr'><strong>metonymicos</strong></span> <span class='ocrx_word' id='word_1_323' title='bbox 612 3181 671 3228; x_wconf 89' lang='lat' dir='ltr'><strong>vota</strong></span> <span class='ocrx_word' id='word_1_324' title='bbox 694 3182 721 3229; x_wconf 93' lang='lat' dir='ltr'><strong>et</strong></span> <span class='ocrx_word' id='word_1_325' title='bbox 741 3190 803 3247; x_wconf 91' lang='lat' dir='ltr'><strong>spes</strong></span> <span class='ocrx_word' id='word_1_326' title='bbox 825 3189 881 3229; x_wconf 92' lang='lat' dir='ltr'><strong>uon</strong></span> <span class='ocrx_word' id='word_1_327' title='bbox 903 3173 1037 3246; x_wconf 88' lang='lat' dir='ltr'><strong>improbas</strong></span> <span class='ocrx_word' id='word_1_328' title='bbox 1059 3189 1089 3229; x_wconf 93' lang='lat' dir='ltr'><strong>se</strong></span> <span class='ocrx_word' id='word_1_329' title='bbox 1104 3174 1245 3246; x_wconf 88' lang='lat' dir='ltr'><strong>concipere</strong></span> 
     </span>
     <span class='ocr_line' id='line_1_44' title="bbox 176 3253 1248 3332; baseline 0.003 -22"><span class='ocrx_word' id='word_1_330' title='bbox 176 3253 248 3329; x_wconf 85' lang='lat' dir='ltr'><strong>dicit,</strong></span> <span class='ocrx_word' id='word_1_331' title='bbox 271 3254 342 3311; x_wconf 89' lang='lat' dir='ltr'><strong>unde</strong></span> <span class='ocrx_word' id='word_1_332' title='bbox 362 3254 484 3312; x_wconf 86' lang='lat' dir='ltr'><strong>securior</strong></span> <span class='ocrx_word' id='word_1_333' title='bbox 505 3255 540 3312; x_wconf 90' lang='lat' dir='ltr'><strong>sit</strong></span> <span class='ocrx_word' id='word_1_334' title='bbox 567 3265 594 3313; x_wconf 91' lang='lat' dir='ltr'><strong>et</strong></span> <span class='ocrx_word' id='word_1_335' title='bbox 614 3257 702 3314; x_wconf 92' lang='lat' dir='ltr'><strong>minus</strong></span> <span class='ocrx_word' id='word_1_336' title='bbox 725 3258 815 3315; x_wconf 89' lang='lat' dir='ltr'><strong>timeat</strong></span> <span class='ocrx_word' id='word_1_337' title='bbox 835 3258 863 3314; x_wconf 90' lang='lat' dir='ltr'><strong>in</strong></span> <span class='ocrx_word' id='word_1_338' title='bbox 885 3257 965 3314; x_wconf 88' lang='lat' dir='ltr'><strong>rebus</strong></span> <span class='ocrx_word' id='word_1_339' title='bbox 987 3255 1198 3332; x_wconf 81' lang='lat' dir='ltr'><strong>impetrabilihus</strong></span> <span class='ocrx_word' id='word_1_340' title='bbox 1220 3264 1248 3314; x_wconf 86' lang='lat' dir='ltr'><strong>et</strong></span> 
     </span>
     <span class='ocr_line' id='line_1_45' title="bbox 177 3339 1247 3418; baseline 0 -21"><span class='ocrx_word' id='word_1_341' title='bbox 177 3355 245 3414; x_wconf 89' lang='lat' dir='ltr'><strong>quae</strong></span> <span class='ocrx_word' id='word_1_342' title='bbox 269 3339 385 3397; x_wconf 88' lang='lat' dir='ltr'><strong>tolerare</strong></span> <span class='ocrx_word' id='word_1_343' title='bbox 405 3340 541 3396; x_wconf 91' lang='lat' dir='ltr'><strong>hominem</strong></span> <span class='ocrx_word' id='word_1_344' title='bbox 563 3340 634 3416; x_wconf 87' lang='lat' dir='ltr'><strong>irugi</strong></span> <span class='ocrx_word' id='word_1_345' title='bbox 656 3343 770 3416; x_wconf 85' lang='lat' dir='ltr'><strong>possint.</strong></span> <span class='ocrx_word' id='word_1_346' title='bbox 857 3343 897 3400; x_wconf 87' lang='grc'><strong>26</strong></span> <span class='ocrx_word' id='word_1_347' title='bbox 914 3343 1063 3418; x_wconf 81' lang='lat' dir='ltr'><strong>cultrixque</strong></span> <span class='ocrx_word' id='word_1_348' title='bbox 1079 3343 1141 3401; x_wconf 89' lang='lat' dir='ltr'><strong>ioci.</strong></span> <span class='ocrx_word' id='word_1_349' title='bbox 1185 3342 1247 3417; x_wconf 88' lang='lat' dir='ltr'><strong>quia</strong></span> 
     </span>
     <span class='ocr_line' id='line_1_46' title="bbox 176 3423 1248 3502; baseline 0 -21"><span class='ocrx_word' id='word_1_350' title='bbox 176 3423 307 3482; x_wconf 87' lang='lat' dir='ltr'><strong>delibatae</strong></span> <span class='ocrx_word' id='word_1_351' title='bbox 329 3427 410 3500; x_wconf 89' lang='lat' dir='ltr'><strong>dapes</strong></span> <span class='ocrx_word' id='word_1_352' title='bbox 431 3425 459 3481; x_wconf 92' lang='lat' dir='ltr'><strong>iu</strong></span> <span class='ocrx_word' id='word_1_353' title='bbox 481 3442 511 3482; x_wconf 90' lang='lat' dir='ltr'><strong>ea</strong></span> <span class='ocrx_word' id='word_1_354' title='bbox 533 3427 637 3499; x_wconf 90' lang='lat' dir='ltr'><strong>positae</strong></span> <span class='ocrx_word' id='word_1_355' title='bbox 657 3427 691 3483; x_wconf 92' lang='lat' dir='ltr'><strong>ad</strong></span> <span class='ocrx_word' id='word_1_356' title='bbox 705 3426 796 3484; x_wconf 86' lang='lat' dir='ltr'><strong>iocum</strong></span> <span class='ocrx_word' id='word_1_357' title='bbox 811 3427 946 3485; x_wconf 84' lang='lat' dir='ltr'><strong>teruntur.</strong></span> <span class='ocrx_word' id='word_1_358' title='bbox 1033 3445 1126 3484; x_wconf 85' lang='lat' dir='ltr'><strong>secura</strong></span> <span class='ocrx_word' id='word_1_359' title='bbox 1140 3427 1248 3502; x_wconf 89' lang='lat' dir='ltr'><strong>patella.</strong></span> 
     </span>
     <span class='ocr_line' id='line_1_47' title="bbox 177 3509 1248 3587; baseline 0.003 -23"><span class='ocrx_word' id='word_1_360' title='bbox 177 3525 229 3582; x_wconf 93' lang='lat' dir='ltr'><strong>qua</strong></span> <span class='ocrx_word' id='word_1_361' title='bbox 252 3511 279 3565; x_wconf 94' lang='lat' dir='ltr'><strong>in</strong></span> <span class='ocrx_word' id='word_1_362' title='bbox 302 3511 383 3567; x_wconf 89' lang='lat' dir='ltr'><strong>rebus</strong></span> <span class='ocrx_word' id='word_1_363' title='bbox 407 3509 500 3566; x_wconf 92' lang='lat' dir='ltr'><strong>divinis</strong></span> <span class='ocrx_word' id='word_1_364' title='bbox 521 3520 646 3568; x_wconf 91' lang='lat' dir='ltr'><strong>utuntur.</strong></span> <span class='ocrx_word' id='word_1_365' title='bbox 690 3520 718 3569; x_wconf 90' lang='lat' dir='ltr'><strong>et</strong></span> <span class='ocrx_word' id='word_1_366' title='bbox 739 3529 794 3568; x_wconf 93' lang='lat' dir='ltr'><strong>non</strong></span> <span class='ocrx_word' id='word_1_367' title='bbox 814 3511 912 3586; x_wconf 90' lang='lat' dir='ltr'><strong>patella</strong></span> <span class='ocrx_word' id='word_1_368' title='bbox 926 3529 1030 3586; x_wconf 85' lang='lat' dir='ltr'><strong>secura,</strong></span> <span class='ocrx_word' id='word_1_369' title='bbox 1052 3513 1098 3569; x_wconf 88' lang='lat' dir='ltr'><strong>sed</strong></span> <span class='ocrx_word' id='word_1_370' title='bbox 1112 3513 1156 3569; x_wconf 89' lang='lat' dir='ltr'><strong>ille</strong></span> <span class='ocrx_word' id='word_1_371' title='bbox 1173 3511 1248 3587; x_wconf 88' lang='lat' dir='ltr'><strong>quasi</strong></span> 
     </span>
     <span class='ocr_line' id='line_1_48' title="bbox 178 3594 1247 3672; baseline 0.004 -22"><span class='ocrx_word' id='word_1_372' title='bbox 178 3610 290 3650; x_wconf 87' lang='lat' dir='ltr'><strong>securus</strong></span> <span class='ocrx_word' id='word_1_373' title='bbox 312 3595 352 3652; x_wconf 91' lang='lat' dir='ltr'><strong>vel</strong></span> <span class='ocrx_word' id='word_1_374' title='bbox 374 3595 432 3652; x_wconf 90' lang='lat' dir='ltr'><strong>sine</strong></span> <span class='ocrx_word' id='word_1_375' title='bbox 454 3594 554 3653; x_wconf 88' lang='lat' dir='ltr'><strong>debito.</strong></span> <span class='ocrx_word' id='word_1_376' title='bbox 642 3596 680 3653; x_wconf 88' lang='grc'><strong>27</strong></span> <span class='ocrx_word' id='word_1_377' title='bbox 704 3596 756 3654; x_wconf 91' lang='lat' dir='ltr'><strong>hoe</strong></span> <span class='ocrx_word' id='word_1_378' title='bbox 778 3598 850 3654; x_wconf 87' lang='lat' dir='ltr'><strong>satis.</strong></span> <span class='ocrx_word' id='word_1_379' title='bbox 893 3606 984 3672; x_wconf 89' lang='lat' dir='ltr'><strong>potest</strong></span> <span class='ocrx_word' id='word_1_380' title='bbox 1011 3599 1097 3656; x_wconf 90' lang='lat' dir='ltr'><strong>etsie</strong></span> <span class='ocrx_word' id='word_1_381' title='bbox 1118 3596 1247 3670; x_wconf 81' lang='lat' dir='ltr'><strong>intellegi,</strong></span> 
     </span>
     <span class='ocr_line' id='line_1_49' title="bbox 178 3681 1161 3758; baseline 0.005 -24"><span class='ocrx_word' id='word_1_382' title='bbox 178 3687 313 3753; x_wconf 89' lang='lat' dir='ltr'><strong>tamquam</strong></span> <span class='ocrx_word' id='word_1_383' title='bbox 335 3687 363 3736; x_wconf 84' lang='lat' dir='ltr'><strong>et</strong></span> <span class='ocrx_word' id='word_1_384' title='bbox 383 3681 464 3737; x_wconf 94' lang='lat' dir='ltr'><strong>modo</strong></span> <span class='ocrx_word' id='word_1_385' title='bbox 486 3681 691 3756; x_wconf 84' lang='lat' dir='ltr'><strong>anthypophora</strong></span> <span class='ocrx_word' id='word_1_386' title='bbox 713 3682 749 3738; x_wconf 88' lang='lat' dir='ltr'><strong>sit</strong></span> <span class='ocrx_word' id='word_1_387' title='bbox 769 3691 797 3738; x_wconf 87' lang='lat' dir='ltr'><strong>ct</strong></span> <span class='ocrx_word' id='word_1_388' title='bbox 818 3682 862 3740; x_wconf 91' lang='lat' dir='ltr'><strong>ille</strong></span> <span class='ocrx_word' id='word_1_389' title='bbox 884 3682 970 3740; x_wconf 88' lang='lat' dir='ltr'><strong>adhuc</strong></span> <span class='ocrx_word' id='word_1_390' title='bbox 992 3684 1161 3758; x_wconf 87' lang='lat' dir='ltr'><strong>respoudeat.</strong></span> 
     </span>
    </p>
   </div>
   <div class='ocr_carea' id='block_1_21' title="bbox 175 3876 1246 4013">
    <p class='ocr_par' dir='ltr' id='par_1_21' title="bbox 175 3876 1246 4013">
     <span class='ocr_line' id='line_1_50' title="bbox 264 3876 1246 3949; baseline 0.001 -20"><span class='ocrx_word' id='word_1_391' title='bbox 264 3880 294 3929; x_wconf 86' lang='lat' dir='ltr'><strong>ll</strong></span> <span class='ocrx_word' id='word_1_392' title='bbox 314 3876 411 3929; x_wconf 86' lang='lat' dir='ltr'><strong>similes</strong></span> <span class='ocrx_word' id='word_1_393' title='bbox 429 3879 571 3945; x_wconf 70' lang='lat' dir='ltr'><strong>Pomp</strong></span> <span class='ocrx_word' id='word_1_394' title='bbox 641 3881 673 3932; x_wconf 81' lang='grc'><strong>20</strong></span> <span class='ocrx_word' id='word_1_395' title='bbox 691 3879 777 3932; x_wconf 82' lang='lat' dir='ltr'><strong>etlluis</strong></span> <span class='ocrx_word' id='word_1_396' title='bbox 796 3882 849 3932; x_wconf 84' lang='grc' dir='ltr'><strong>αΡ</strong></span> <span class='ocrx_word' id='word_1_397' title='bbox 913 3882 946 3933; x_wconf 90' lang='grc'><strong>22</strong></span> <span class='ocrx_word' id='word_1_398' title='bbox 959 3886 1050 3949; x_wconf 83' lang='lat' dir='ltr'><strong>cocyto</strong></span> <span class='ocrx_word' id='word_1_399' title='bbox 1064 3888 1087 3932; x_wconf 86' lang='grc' dir='ltr'><em>α</em></span> <span class='ocrx_word' id='word_1_400' title='bbox 1159 3882 1191 3933; x_wconf 83' lang='grc'><strong>23</strong></span> <span class='ocrx_word' id='word_1_401' title='bbox 1209 3881 1246 3942; x_wconf 86' lang='lat' dir='ltr'><strong>es]</strong></span> 
     </span>
     <span class='ocr_line' id='line_1_51' title="bbox 175 3945 1153 4013; baseline 0.005 -17"><span class='ocrx_word' id='word_1_402' title='bbox 175 3949 216 3997; x_wconf 90' lang='lat' dir='ltr'><strong>est</strong></span> <span class='ocrx_word' id='word_1_403' title='bbox 233 3945 284 3998; x_wconf 85' lang='lat' dir='ltr'><strong>BP</strong></span> <span class='ocrx_word' id='word_1_404' title='bbox 369 3947 402 3998; x_wconf 86' lang='grc'><strong>24</strong></span> <span class='ocrx_word' id='word_1_405' title='bbox 420 3960 483 4013; x_wconf 87' lang='lat' dir='ltr'><strong>rupe</strong></span> <span class='ocrx_word' id='word_1_406' title='bbox 500 3950 609 4013; x_wconf 88' lang='lat' dir='ltr'><strong>paturuo</strong></span> <span class='ocrx_word' id='word_1_407' title='bbox 628 3954 652 3998; x_wconf 85' lang='grc' dir='ltr'>α</span> <span class='ocrx_word' id='word_1_408' title='bbox 738 3949 771 4001; x_wconf 89' lang='grc'><strong>26</strong></span> <span class='ocrx_word' id='word_1_409' title='bbox 790 3947 838 4000; x_wconf 88' lang='lat' dir='ltr'><strong>lori</strong></span> <span class='ocrx_word' id='word_1_410' title='bbox 858 3955 881 4000; x_wconf 84' lang='grc' dir='ltr'><em>α</em></span> <span class='ocrx_word' id='word_1_411' title='bbox 951 3954 991 4001; x_wconf 84' lang='lat' dir='ltr'><strong>eat</strong></span> <span class='ocrx_word' id='word_1_412' title='bbox 1006 3952 1038 4001; x_wconf 79' lang='lat' dir='ltr'><strong>P:</strong></span> <span class='ocrx_word' id='word_1_413' title='bbox 1058 3965 1110 4006; x_wconf 85' lang='lat' dir='ltr'><strong>om.</strong></span> <span class='ocrx_word' id='word_1_414' title='bbox 1130 3956 1153 4000; x_wconf 87' lang='grc' dir='ltr'>α</span> 
     </span>
    </p>
   </div>
   <div class='ocr_carea' id='block_1_22' title="bbox 0 0 1404 4444">
    <p class='ocr_par' dir='ltr' id='par_1_22' title="bbox 0 0 1404 4444">
     <span class='ocr_line' id='line_1_52' title="bbox 0 0 1404 4444; baseline 0 0"><span class='ocrx_word' id='word_1_415' title='bbox 0 0 1404 4444; x_wconf 95' lang='lat' dir='ltr'><strong> </strong></span> 
     </span>
    </p>
   </div>
  </div>
 </body>
</html>
