2792 4444
545 129 667 219 66661
702 166 835 220 sarran
852 168 862 220 1

167 336 316 398 scribendi
339 339 549 416 quodcumque
570 339 669 398 animo
692 338 835 418 flagrante
857 339 965 401 bberet

167 413 373 501 simplicitas‘l'
400 423 485 484 cuius
507 442 569 483 non
592 422 687 484 audeo
709 423 808 484 dicere
832 423 964 486 nomen?

169 506 238 585 quid
261 507 362 581 refert,
386 508 471 569 dictis
493 508 629 587 ignoscat
650 508 765 570 Mucius
787 527 826 570 an
850 508 934 570 non?

165 583 259 684 ‘er
281 591 475 671 Tigellinum:
498 594 582 654 taeda
605 592 719 654 lucebis
741 593 772 654 in
796 594 853 668 illa,

169 694 225 754 qua
249 685 360 738 stantes
382 677 488 738 ardent
510 678 561 756 qui
582 679 641 738 lixo
664 687 785 757 pectore
808 679 933 753 fumant,

169 768 198 821 et
218 761 310 821 latum
332 762 428 823 media
450 763 566 824 sulcum
588 762 709 824 deducis
731 754 858 824 harena.²

169 847 219 923 qui
241 845 322 907 dedit
343 866 413 926 ergo
436 847 533 908 tribus
553 848 668 926 patruis
689 848 815 921 aconita,
838 849 961 909 vehatur

167 931 333 1008 pensilibus
354 933 463 1011 plumis
484 941 572 1010 atque
595 931 676 993 illinc
699 933 841 1013 despiciat
863 931 940 994 nos?

164 1009 247 1076 ‘cum
270 1017 370 1077 veniet
391 1027 504 1092 contra,
527 1017 617 1096 digito
641 1037 796 1097 compesce
818 1018 971 1079 labellum:
1062 1074 1064 1079 .

168 1111 323 1161 accusator
346 1103 401 1162 erit
423 1103 473 1181 qui
495 1103 619 1163 verbum
643 1103 749 1164 dixerit
767 1096 842 1164 “hic
864 1094 938 1165 est'’.

167 1203 291 1246 securus
312 1187 382 1248 licet
403 1188 522 1248 Aenean
546 1187 747 1268 Rutulumque
771 1189 900 1250 ferocem

168 1271 344 1346 committas,
368 1273 441 1332 nulli
464 1273 558 1352 gravis
582 1281 626 1334 est
647 1293 806 1352 percussus
828 1274 956 1335 Achilles

167 1364 217 1415 aut
238 1356 365 1418 multum
388 1358 538 1436 quaesitus
559 1357 648 1437 Hylas
671 1376 835 1437 urnamque
857 1367 991 1420 secutus:

168 1458 240 1501 ense
261 1441 342 1503 velut
363 1443 466 1504 stricto
490 1444 629 1522 quotiens
651 1443 783 1505 Lucilius
805 1444 912 1505 ardens

166 1525 329 1602 infremuit,
352 1527 440 1588 rubet
461 1528 578 1589 auditor
600 1529 648 1590 cui
670 1529 775 1608 frigida
798 1547 883 1590 mens
906 1536 951 1590 est

168 1610 353 1683 criminibus,
376 1614 463 1674 tacita
486 1614 594 1674 sudant
615 1614 787 1693 praecordia
812 1615 908 1694 culpa.

166 1693 235 1755 inde
258 1696 319 1757 irae
341 1705 371 1757 et
392 1698 537 1759 lacrimae.
560 1711 660 1760 tecum
683 1699 766 1778 prius
789 1718 860 1779 ergo
882 1699 980 1760 voluta

255 1870 313 1926 155
338 1868 367 1924 C.
390 1868 517 1924 Solonius
540 1867 687 1941 Tigilliuns,
710 1879 787 1942 patre
809 1869 983 1942 Agrigentino
1005 1867 1171 1942 Scyllaceum
1193 1883 1239 1923 re-

166 1950 271 2024 legato,
304 1953 408 2009 iuvenis
436 1970 517 2026 egens
546 1971 638 2010 verum
666 1954 810 2010 admodum
837 1953 964 2026 pulcher,
999 1955 1026 2008 in
1059 1951 1239 2009 concubinatu

167 2035 201 2092 Μ.
225 2036 327 2094 Vinicio
350 2048 377 2095 et
398 2038 480 2095 Lucio
503 2038 616 2096 Domitio
644 2038 744 2096 maritis
768 2039 929 2113 Agrippinae
955 2046 982 2095 et
1003 2036 1085 2094 luliae
1114 2053 1240 2092 sororum

168 2121 196 2177 C.
221 2122 337 2180 Caesaris
358 2140 444 2198 aeque
465 2125 492 2178 in
513 2125 655 2199 utriusque
681 2124 811 2184 uxoribus
837 2130 995 2197 suspectus,
1026 2121 1061 2178 oh
1090 2121 1144 2178 hoc
1171 2119 1240 2178 urhe

167 2218 316 2284 summotus
338 2209 510 2281 piscatoriam
531 2211 558 2265 in
582 2210 680 2266 Achaia
701 2211 827 2273 exercuit,
851 2209 940 2283 quoad
962 2215 1071 2281 accepta
1092 2206 1240 2264 hereditate

165 2291 281 2347 reditum
302 2293 353 2348 sub
376 2295 533 2350 condicione
555 2295 711 2367 inpetravit,
741 2303 771 2351 ut
793 2302 940 2368 conspectu
963 2293 1064 2350 Claudii
1084 2291 1238 2349 abstineret.

166 2391 250 2447 qnare
272 2376 382 2433 saltibus
404 2379 432 2432 in
448 2377 545 2451 Apulia
566 2388 594 2434 et
609 2378 727 2434 Calabria
749 2381 908 2452 comparatis
931 2395 992 2434 cum
1013 2377 1133 2432 studiose
1153 2393 1239 2451 equos

166 2458 248 2516 aleret
269 2461 463 2536 quadrigarios,
490 2462 630 2519 amicitiam
652 2463 764 2519 Neronis
787 2473 882 2519 nactus
903 2463 1006 2536 primus
1027 2461 1101 2516 illum
1123 2462 1155 2516 ad
1177 2468 1239 2517 stu-

166 2545 238 2601 dium
261 2546 419 2603 circensium
440 2549 533 2604 movit.
618 2563 690 2621 pone
712 2556 738 2605 te
759 2546 910 2620 vituperare
930 2545 1091 2620 Tigillinum,
1114 2561 1195 2619 quem
1217 2546 1239 2600 si

165 2629 283 2696 laeseris,
307 2632 381 2689 vivus
403 2632 516 2697 ardebis,
540 2633 764 2707 quemadmodum
785 2633 813 2688 in
834 2648 947 2688 munere
960 2630 1073 2687 Neronis
1095 2629 1146 2686 vivi
1162 2647 1240 2686 arse-

165 2726 239 2772 runt.
262 2717 295 2774 de
316 2717 415 2792 quibus
436 2718 482 2775 ille
502 2717 618 2775 iusserat
639 2735 731 2776 cereos
753 2717 821 2782 fieri,
843 2726 875 2775 ut
896 2717 1019 2774 lucerent
1033 2713 1238 2790 spectatoribus,

165 2817 226 2856 cum
247 2800 297 2857 lixa
320 2811 410 2860 essent
431 2803 481 2859 illis
504 2813 622 2877 guttura,
645 2820 681 2860 ne
702 2822 732 2861 se
753 2810 905 2860 curvarent.
994 2804 1052 2860 156
1069 2802 1138 2858 Nero
1153 2801 1239 2858 male-

164 2884 230 2942 ficos
252 2885 372 2944 homines
395 2889 472 2945 taeda
494 2898 521 2945 et
542 2906 644 2963 papyro
668 2898 695 2946 et
716 2907 777 2945 cera
798 2886 1018 2962 supervestiebat,
1042 2895 1069 2943 et
1090 2887 1128 2942 sic
1149 2886 1239 2958 ignem

164 2969 299 3028 admoveri
320 2973 436 3038 iubebat,
459 2983 490 3030 ut
511 2975 645 3030 arderent.
777 2977 833 3030 157
859 2971 992 3029 abductus
1015 2971 1084 3026 enim
1106 2988 1168 3027 cum
1189 2988 1240 3044 per

165 3071 272 3110 arenam
295 3058 454 3124 traheretur,
478 3057 582 3114 sulcum
605 3067 728 3131 corpore
742 3075 792 3113 suo
815 3056 878 3112 fecit
899 3055 942 3112 rel
964 3055 1072 3111 fossam.
1178 3057 1236 3113 158

164 3139 324 3211 generaliter
347 3141 409 3198 dicit
431 3160 544 3216 carpens
566 3159 613 3199 eos
633 3143 679 3216 qui
695 3158 799 3198 veneno
815 3149 980 3215 grassantur.
1070 3143 1127 3200 159
1145 3140 1240 3198 lectica

163 3221 261 3296 plumis
283 3232 375 3281 strata.
508 3229 566 3284 162
589 3243 701 3284 securus
723 3228 756 3284 de
778 3226 891 3283 mortuis
912 3225 1040 3301 loqueris,
1065 3243 1114 3282 nec
1135 3235 1239 3283 metues

163 3307 250 3382 legem
273 3309 374 3374 luliam,
399 3327 467 3384 quae
488 3312 610 3367 vivorum
631 3311 690 3368 vitia
713 3321 786 3369 vetat
808 3311 888 3386 carpi.
980 3312 1038 3369 163
1061 3311 1134 3384 Virg.
1158 3309 1237 3384 [Aea.

165 3395 193 3457 6,
218 3392 268 3467 57]
287 3383 420 3451 ‘bardane
443 3396 488 3470 qni
510 3397 611 3453 Paridis
634 3397 729 3455 direxti
750 3397 802 3454 tela
824 3413 974 3470 manusque
995 3412 1095 3468 corpus
1116 3395 1143 3449 in
1166 3398 1238 3452 Aea-

164 3473 256 3535 cidae'.
362 3483 420 3538 164
443 3480 517 3554 Virg.
539 3481 602 3556 [ecl.
626 3484 654 3547 6,
678 3481 729 3556 44]
745 3476 794 3541 ‘ut
814 3481 878 3538 litus
900 3481 976 3554 Hyla,
999 3479 1067 3554 Hyla
1090 3495 1169 3536 omne
1190 3496 1237 3536 re-

166 3552 279 3621 clamat'.
371 3568 429 3625 168
452 3566 588 3623 iracundia
611 3568 765 3625 accenditur
787 3583 888 3623 nocens
912 3565 1052 3622 criminum
1074 3565 1238 3630 conscientia

250 3713 298 3762 155
318 3711 457 3779 tigillinum
476 3715 619 3780 Peump
688 3711 820 3765 lucebitl’
835 3728 905 3764 corr.
923 3729 949 3779 p,
968 3717 994 3764 et
1010 3715 1040 3763 tn
1056 3715 1180 3778 margine
1199 3715 1239 3762 est

164 3775 206 3827 uel
224 3776 322 3830 lucebis
394 3784 441 3834 156
461 3782 514 3849 qui]
533 3781 542 3832 i
559 3784 589 3832 in
607 3783 691 3832 litura
710 3783 733 3832 P
804 3784 909 3847 pectore
926 3783 949 3832 Ρ
964 3781 1006 3833 661
1024 3784 1127 3846 gutture
1144 3796 1237 3846 cuper·

163 3847 273 3911 scripsit
288 3862 306 3912 p
404 3853 451 3902 151
470 3850 575 3902 deducit
591 3852 615 3900 Ρ
630 3848 734 3902 deducis
751 3865 769 3914 p
875 3851 923 3903 159
942 3848 1055 3916 despicio
1074 3852 1100 3900 et
1117 3863 1165 3901 noe
1183 3849 1235 3898 Pa

163 3916 248 3963 erasit
262 3930 295 3980 p:
314 3913 441 3980 despiciat
459 3921 477 3980 ς
551 3920 599 3971 161
619 3932 726 3970 neruum
743 3921 776 3968 ut
793 3917 904 3968 uidetur
922 3919 1081 3983 Puernmp
