<?xml version="1.0" encoding="UTF-8"?>
<!DOCTYPE html PUBLIC "-//W3C//DTD XHTML 1.0 Transitional//EN"
    "http://www.w3.org/TR/xhtml1/DTD/xhtml1-transitional.dtd">
<html xmlns="http://www.w3.org/1999/xhtml" xml:lang="en" lang="en">
 <head>
  <title>
</title>
<meta http-equiv="Content-Type" content="text/html;charset=utf-8" />
  <meta name='ocr-system' content='tesseract 3.04.00' />
  <meta name='ocr-capabilities' content='ocr_page ocr_carea ocr_par ocr_line ocrx_word'/>
</head>
<body>
  <div class='ocr_page' id='page_1' title='image "apersiiflaccidi01sulpgoog_0013.png"; bbox 0 0 2792 4444; ppageno 0'>
   <div class='ocr_carea' id='block_1_1' title="bbox 187 219 816 274">
    <p class='ocr_par' dir='ltr' id='par_1_1' title="bbox 187 219 816 274">
     <span class='ocr_line' id='line_1_1' title="bbox 187 219 816 274; baseline 0.003 -2"><span class='ocrx_word' id='word_1_1' title='bbox 187 219 242 273; x_wconf 81' lang='lat' dir='ltr'>vllt</span> <span class='ocrx_word' id='word_1_2' title='bbox 632 219 816 274; x_wconf 76' lang='lat' dir='ltr'>rhlnrnrm</span> 
     </span>
    </p>
   </div>
   <div class='ocr_carea' id='block_1_2' title="bbox 187 393 1263 1396">
    <p class='ocr_par' dir='ltr' id='par_1_2' title="bbox 187 393 1263 1396">
     <span class='ocr_line' id='line_1_2' title="bbox 188 393 1262 474; baseline 0.001 -21"><span class='ocrx_word' id='word_1_3' title='bbox 188 411 257 454; x_wconf 93' lang='lat' dir='ltr'>vero</span> <span class='ocrx_word' id='word_1_4' title='bbox 281 394 311 454; x_wconf 93' lang='lat' dir='ltr'>in</span> <span class='ocrx_word' id='word_1_5' title='bbox 335 393 437 456; x_wconf 89' lang='lat' dir='ltr'>codice</span> <span class='ocrx_word' id='word_1_6' title='bbox 453 393 480 454; x_wconf 88' lang='lat' dir='ltr'><em>P</em></span> <span class='ocrx_word' id='word_1_7' title='bbox 498 394 632 456; x_wconf 75' lang='lat' dir='ltr'><strong>traditam</strong></span> <span class='ocrx_word' id='word_1_8' title='bbox 654 395 859 456; x_wconf 84' lang='lat' dir='ltr'><strong>recensionem</strong></span> <span class='ocrx_word' id='word_1_9' title='bbox 882 394 965 474; x_wconf 89' lang='lat' dir='ltr'>sequi</span> <span class='ocrx_word' id='word_1_10' title='bbox 979 395 1084 459; x_wconf 88' lang='lat' dir='ltr'>solent</span> <span class='ocrx_word' id='word_1_11' title='bbox 1131 405 1262 456; x_wconf 88' lang='lat' dir='ltr'>ceterum</span> 
     </span>
     <span class='ocr_line' id='line_1_3' title="bbox 190 496 1261 577; baseline -0.001 -20"><span class='ocrx_word' id='word_1_12' title='bbox 190 497 277 557; x_wconf 91' lang='lat' dir='ltr'>etiam</span> <span class='ocrx_word' id='word_1_13' title='bbox 300 515 367 557; x_wconf 92' lang='lat' dir='ltr'>cum</span> <span class='ocrx_word' id='word_1_14' title='bbox 389 497 477 558; x_wconf 95' lang='lat' dir='ltr'>hnius</span> <span class='ocrx_word' id='word_1_15' title='bbox 499 497 618 577; x_wconf 89' lang='lat' dir='ltr'>generis</span> <span class='ocrx_word' id='word_1_16' title='bbox 633 497 786 559; x_wconf 86' lang='lat' dir='ltr'>codicibus</span> <span class='ocrx_word' id='word_1_17' title='bbox 801 497 981 558; x_wconf 74' lang='lat' dir='ltr'>scholiorum</span> <span class='ocrx_word' id='word_1_18' title='bbox 998 498 1068 558; x_wconf 90' lang='lat' dir='ltr'>satis</span> <span class='ocrx_word' id='word_1_19' title='bbox 1082 497 1178 576; x_wconf 84' lang='lat' dir='ltr'>ampla</span> <span class='ocrx_word' id='word_1_20' title='bbox 1201 496 1261 557; x_wconf 91' lang='lat' dir='ltr'>col-</span> 
     </span>
     <span class='ocr_line' id='line_1_4' title="bbox 189 599 1262 679; baseline 0.001 -21"><span class='ocrx_word' id='word_1_21' title='bbox 189 599 276 660; x_wconf 81' lang='lat' dir='ltr'>lectio</span> <span class='ocrx_word' id='word_1_22' title='bbox 298 601 457 660; x_wconf 88' lang='lat' dir='ltr'>ooniuncta</span> <span class='ocrx_word' id='word_1_23' title='bbox 482 618 547 661; x_wconf 88' lang='lat' dir='ltr'>esse</span> <span class='ocrx_word' id='word_1_24' title='bbox 569 600 652 669; x_wconf 83' lang='lat' dir='ltr'>solet,</span> <span class='ocrx_word' id='word_1_25' title='bbox 675 600 757 662; x_wconf 90' lang='lat' dir='ltr'>nullo</span> <span class='ocrx_word' id='word_1_26' title='bbox 780 601 966 679; x_wconf 79' lang='lat' dir='ltr'>cognationis</span> <span class='ocrx_word' id='word_1_27' title='bbox 987 599 1079 678; x_wconf 89' lang='lat' dir='ltr'>gradu</span> <span class='ocrx_word' id='word_1_28' title='bbox 1101 599 1190 660; x_wconf 89' lang='lat' dir='ltr'>altera</span> <span class='ocrx_word' id='word_1_29' title='bbox 1215 599 1262 660; x_wconf 88' lang='lat' dir='ltr'>illa</span> 
     </span>
     <span class='ocr_line' id='line_1_5' title="bbox 189 702 1262 782; baseline 0 -20"><span class='ocrx_word' id='word_1_30' title='bbox 189 702 299 762; x_wconf 89' lang='lat' dir='ltr'>scholia</span> <span class='ocrx_word' id='word_1_31' title='bbox 321 703 499 781; x_wconf 89' lang='lat' dir='ltr'>contingens</span> <span class='ocrx_word' id='word_1_32' title='bbox 522 713 552 764; x_wconf 91' lang='lat' dir='ltr'>et</span> <span class='ocrx_word' id='word_1_33' title='bbox 566 702 601 762; x_wconf 92' lang='lat' dir='ltr'>ab</span> <span class='ocrx_word' id='word_1_34' title='bbox 617 703 700 764; x_wconf 93' lang='lat' dir='ltr'>omni</span> <span class='ocrx_word' id='word_1_35' title='bbox 715 703 903 782; x_wconf 91' lang='lat' dir='ltr'>grammatica</span> <span class='ocrx_word' id='word_1_36' title='bbox 918 703 1051 764; x_wconf 89' lang='lat' dir='ltr'>doctrina</span> <span class='ocrx_word' id='word_1_37' title='bbox 1067 702 1262 781; x_wconf 88' lang='lat' dir='ltr'>antiquitatis-</span> 
     </span>
     <span class='ocr_line' id='line_1_6' title="bbox 190 803 1261 884; baseline 0 -20"><span class='ocrx_word' id='word_1_38' title='bbox 190 821 248 882; x_wconf 85' lang='lat' dir='ltr'>que</span> <span class='ocrx_word' id='word_1_39' title='bbox 269 803 441 884; x_wconf 84' lang='lat' dir='ltr'>cognitione</span> <span class='ocrx_word' id='word_1_40' title='bbox 462 814 592 877; x_wconf 89' lang='lat' dir='ltr'>remota‚</span> <span class='ocrx_word' id='word_1_41' title='bbox 621 805 699 866; x_wconf 92' lang='lat' dir='ltr'>inter</span> <span class='ocrx_word' id='word_1_42' title='bbox 727 823 801 884; x_wconf 90' lang='lat' dir='ltr'>qnae</span> <span class='ocrx_word' id='word_1_43' title='bbox 823 813 853 865; x_wconf 93' lang='lat' dir='ltr'>et</span> <span class='ocrx_word' id='word_1_44' title='bbox 875 805 997 866; x_wconf 85' lang='lat' dir='ltr'>Cornuti</span> <span class='ocrx_word' id='word_1_45' title='bbox 1020 823 1131 884; x_wconf 82' lang='lat' dir='ltr'>anceps</span> <span class='ocrx_word' id='word_1_46' title='bbox 1154 822 1261 864; x_wconf 89' lang='lat' dir='ltr'>nomen</span> 
     </span>
     <span class='ocr_line' id='line_1_7' title="bbox 189 904 1261 986; baseline -0.001 -20"><span class='ocrx_word' id='word_1_47' title='bbox 189 905 313 966; x_wconf 89' lang='lat' dir='ltr'>iactatur</span> <span class='ocrx_word' id='word_1_48' title='bbox 335 916 365 967; x_wconf 91' lang='lat' dir='ltr'>et</span> <span class='ocrx_word' id='word_1_49' title='bbox 376 904 486 966; x_wconf 77' lang='lat' dir='ltr'>hairici</span> <span class='ocrx_word' id='word_1_50' title='bbox 508 907 650 986; x_wconf 79' lang='lat' dir='ltr'>magistri,</span> <span class='ocrx_word' id='word_1_51' title='bbox 673 907 723 985; x_wconf 91' lang='lat' dir='ltr'>qui</span> <span class='ocrx_word' id='word_1_52' title='bbox 746 908 777 968; x_wconf 93' lang='lat' dir='ltr'>in</span> <span class='ocrx_word' id='word_1_53' title='bbox 800 907 951 986; x_wconf 86' lang='lat' dir='ltr'>corruptis</span> <span class='ocrx_word' id='word_1_54' title='bbox 969 907 1082 986; x_wconf 88' lang='lat' dir='ltr'>graecis</span> <span class='ocrx_word' id='word_1_55' title='bbox 1104 906 1261 967; x_wconf 89' lang='lat' dir='ltr'>restituen-</span> 
     </span>
     <span class='ocr_line' id='line_1_8' title="bbox 187 1007 1261 1088; baseline -0.001 -20"><span class='ocrx_word' id='word_1_56' title='bbox 187 1007 233 1068; x_wconf 88' lang='lat' dir='ltr'>dis</span> <span class='ocrx_word' id='word_1_57' title='bbox 255 1007 307 1086; x_wconf 88' lang='lat' dir='ltr'>(lll</span> <span class='ocrx_word' id='word_1_58' title='bbox 329 1011 382 1086; x_wconf 84' lang='lat'>37)</span> <span class='ocrx_word' id='word_1_59' title='bbox 409 1009 518 1069; x_wconf 84' lang='lat' dir='ltr'>frustra</span> <span class='ocrx_word' id='word_1_60' title='bbox 547 1008 747 1083; x_wconf 87' lang='lat' dir='ltr'>desudaverit,</span> <span class='ocrx_word' id='word_1_61' title='bbox 776 1010 935 1070; x_wconf 88' lang='lat' dir='ltr'>auctoritas</span> <span class='ocrx_word' id='word_1_62' title='bbox 964 1009 1137 1088; x_wconf 90' lang='lat' dir='ltr'>appellatur.</span> <span class='ocrx_word' id='word_1_63' title='bbox 1189 1025 1261 1087; x_wconf 90' lang='lat' dir='ltr'>quae</span> 
     </span>
     <span class='ocr_line' id='line_1_9' title="bbox 189 1110 1261 1191; baseline 0 -21"><span class='ocrx_word' id='word_1_64' title='bbox 189 1110 299 1171; x_wconf 91' lang='lat' dir='ltr'>scholia</span> <span class='ocrx_word' id='word_1_65' title='bbox 321 1111 417 1188; x_wconf 86' lang='lat' dir='ltr'>qualia</span> <span class='ocrx_word' id='word_1_66' title='bbox 439 1112 499 1172; x_wconf 93' lang='lat' dir='ltr'>sint</span> <span class='ocrx_word' id='word_1_67' title='bbox 513 1129 548 1171; x_wconf 84' lang='grc'>11</span> <span class='ocrx_word' id='word_1_68' title='bbox 563 1112 784 1190; x_wconf 88' lang='lat' dir='ltr'>speciminibus,</span> <span class='ocrx_word' id='word_1_69' title='bbox 808 1129 883 1189; x_wconf 91' lang='lat' dir='ltr'>qnae</span> <span class='ocrx_word' id='word_1_70' title='bbox 898 1121 965 1191; x_wconf 91' lang='lat' dir='ltr'>post</span> <span class='ocrx_word' id='word_1_71' title='bbox 981 1111 1150 1173; x_wconf 84' lang='lat' dir='ltr'>Cramernm</span> <span class='ocrx_word' id='word_1_72' title='bbox 1167 1111 1261 1171; x_wconf 89' lang='lat' dir='ltr'>Scho-</span> 
     </span>
     <span class='ocr_line' id='line_1_10' title="bbox 189 1212 1262 1293; baseline -0.001 -21"><span class='ocrx_word' id='word_1_73' title='bbox 189 1229 286 1290; x_wconf 90' lang='lat' dir='ltr'>pcnus</span> <span class='ocrx_word' id='word_1_74' title='bbox 307 1213 338 1273; x_wconf 92' lang='lat' dir='ltr'>in</span> <span class='ocrx_word' id='word_1_75' title='bbox 362 1224 579 1293; x_wconf 88' lang='lat' dir='ltr'>programmate</span> <span class='ocrx_word' id='word_1_76' title='bbox 594 1214 747 1275; x_wconf 81' lang='lat' dir='ltr'>bonnensi</span> <span class='ocrx_word' id='word_1_77' title='bbox 768 1233 793 1274; x_wconf 89' lang='grc'>1.</span> <span class='ocrx_word' id='word_1_78' title='bbox 811 1216 903 1289; x_wconf 82' lang='grc'>1847,</span> <span class='ocrx_word' id='word_1_79' title='bbox 926 1213 957 1276; x_wconf 85' lang='lat' dir='ltr'>C.</span> <span class='ocrx_word' id='word_1_80' title='bbox 974 1213 1006 1273; x_wconf 83' lang='lat' dir='ltr'>F.</span> <span class='ocrx_word' id='word_1_81' title='bbox 1023 1213 1211 1274; x_wconf 89' lang='lat' dir='ltr'>Hermannus</span> <span class='ocrx_word' id='word_1_82' title='bbox 1232 1212 1262 1271; x_wconf 96' lang='lat' dir='ltr'>in</span> 
     </span>
     <span class='ocr_line' id='line_1_11' title="bbox 189 1313 1263 1396; baseline 0 -23"><span class='ocrx_word' id='word_1_83' title='bbox 189 1314 400 1375; x_wconf 87' lang='lat' dir='ltr'>schediasmate</span> <span class='ocrx_word' id='word_1_84' title='bbox 416 1314 452 1374; x_wconf 93' lang='lat' dir='ltr'>de</span> <span class='ocrx_word' id='word_1_85' title='bbox 467 1315 646 1377; x_wconf 91' lang='lat' dir='ltr'>scholiorum</span> <span class='ocrx_word' id='word_1_86' title='bbox 661 1316 697 1375; x_wconf 93' lang='lat' dir='ltr'>ad</span> <span class='ocrx_word' id='word_1_87' title='bbox 712 1315 878 1376; x_wconf 87' lang='lat' dir='ltr'>Iuvenalem</span> <span class='ocrx_word' id='word_1_88' title='bbox 890 1334 1001 1396; x_wconf 90' lang='lat' dir='ltr'>genere</span> <span class='ocrx_word' id='word_1_89' title='bbox 1015 1315 1161 1376; x_wconf 91' lang='lat' dir='ltr'>deteriore</span> <span class='ocrx_word' id='word_1_90' title='bbox 1174 1313 1263 1390; x_wconf 89' lang='lat' dir='ltr'>(Gott.</span> 
     </span>
    </p>
   </div>
   <div class='ocr_carea' id='block_1_3' title="bbox 192 1415 1371 1599">
    <p class='ocr_par' dir='ltr' id='par_1_3' title="bbox 192 1415 1371 1599">
     <span class='ocr_line' id='line_1_12' title="bbox 192 1415 1371 1508; baseline -0.004 -30"><span class='ocrx_word' id='word_1_91' title='bbox 192 1418 301 1491; x_wconf 87' lang='grc'>1849),</span> <span class='ocrx_word' id='word_1_92' title='bbox 329 1415 470 1495; x_wconf 88' lang='lat' dir='ltr'>Gigchius</span> <span class='ocrx_word' id='word_1_93' title='bbox 491 1417 523 1478; x_wconf 94' lang='lat' dir='ltr'>in</span> <span class='ocrx_word' id='word_1_94' title='bbox 546 1427 687 1496; x_wconf 90' lang='lat' dir='ltr'>apparatu</span> <span class='ocrx_word' id='word_1_95' title='bbox 716 1418 820 1478; x_wconf 87' lang='grc'>1111111</span> <span class='ocrx_word' id='word_1_96' title='bbox 850 1418 887 1478; x_wconf 90' lang='lat' dir='ltr'>ad</span> <span class='ocrx_word' id='word_1_97' title='bbox 909 1417 1077 1479; x_wconf 89' lang='lat' dir='ltr'>luvenalem</span> <span class='ocrx_word' id='word_1_98' title='bbox 1099 1416 1205 1495; x_wconf 89' lang='lat' dir='ltr'>(Lugd.</span> <span class='ocrx_word' id='word_1_99' title='bbox 1230 1415 1261 1474; x_wconf 87' lang='grc' dir='ltr'>Β.</span> <span class='ocrx_word' id='word_1_100' title='bbox 1370 1479 1371 1508; x_wconf 63' lang='lat'>,</span> 
     </span>
     <span class='ocr_line' id='line_1_13' title="bbox 193 1517 1371 1599; baseline -0.003 -17"><span class='ocrx_word' id='word_1_101' title='bbox 193 1518 286 1595; x_wconf 85' lang='lat'>1849)</span> <span class='ocrx_word' id='word_1_102' title='bbox 309 1529 338 1578; x_wconf 90' lang='lat' dir='ltr'>et</span> <span class='ocrx_word' id='word_1_103' title='bbox 352 1518 384 1578; x_wconf 94' lang='lat' dir='ltr'>in</span> <span class='ocrx_word' id='word_1_104' title='bbox 400 1518 496 1579; x_wconf 90' lang='lat' dir='ltr'>tribus</span> <span class='ocrx_word' id='word_1_105' title='bbox 511 1519 657 1598; x_wconf 91' lang='lat' dir='ltr'>capitibus</span> <span class='ocrx_word' id='word_1_106' title='bbox 672 1519 839 1581; x_wconf 87' lang='lat' dir='ltr'>luvenalem</span> <span class='ocrx_word' id='word_1_107' title='bbox 854 1520 976 1599; x_wconf 91' lang='lat' dir='ltr'>eiusque</span> <span class='ocrx_word' id='word_1_108' title='bbox 991 1519 1163 1580; x_wconf 89' lang='lat' dir='ltr'>scholiastas</span> <span class='ocrx_word' id='word_1_109' title='bbox 1178 1535 1263 1597; x_wconf 88' lang='lat' dir='ltr'>spec·</span> <span class='ocrx_word' id='word_1_110' title='bbox 1370 1517 1371 1542; x_wconf 66' lang='lat'>¹</span> 
     </span>
    </p>
   </div>
   <div class='ocr_carea' id='block_1_4' title="bbox 191 1619 1237 1701">
    <p class='ocr_par' dir='ltr' id='par_1_4' title="bbox 191 1619 1237 1701">
     <span class='ocr_line' id='line_1_14' title="bbox 191 1619 1237 1701; baseline 0.001 -21"><span class='ocrx_word' id='word_1_111' title='bbox 191 1619 321 1682; x_wconf 80' lang='lat' dir='ltr'>rantibus</span> <span class='ocrx_word' id='word_1_112' title='bbox 343 1621 448 1700; x_wconf 87' lang='lat' dir='ltr'>(Lugd.</span> <span class='ocrx_word' id='word_1_113' title='bbox 464 1622 497 1681; x_wconf 93' lang='grc' dir='ltr'>Β.</span> <span class='ocrx_word' id='word_1_114' title='bbox 515 1623 608 1696; x_wconf 89' lang='grc'>1850)</span> <span class='ocrx_word' id='word_1_115' title='bbox 632 1633 864 1700; x_wconf 90' lang='lat' dir='ltr'>proposuerunt,</span> <span class='ocrx_word' id='word_1_116' title='bbox 887 1623 956 1684; x_wconf 90' lang='grc'>11111</span> <span class='ocrx_word' id='word_1_117' title='bbox 978 1623 1107 1701; x_wconf 88' lang='lat' dir='ltr'>perspici</span> <span class='ocrx_word' id='word_1_118' title='bbox 1132 1630 1237 1701; x_wconf 90' lang='lat' dir='ltr'>potest.</span> 
     </span>
    </p>
   </div>
   <div class='ocr_carea' id='block_1_5' title="bbox 190 1723 1371 2007">
    <p class='ocr_par' dir='ltr' id='par_1_5' title="bbox 190 1723 1371 2007">
     <span class='ocr_line' id='line_1_15' title="bbox 275 1723 1371 1803; baseline 0.002 -21"><span class='ocrx_word' id='word_1_119' title='bbox 275 1723 378 1783; x_wconf 93' lang='lat' dir='ltr'>harum</span> <span class='ocrx_word' id='word_1_120' title='bbox 402 1725 610 1785; x_wconf 90' lang='lat' dir='ltr'>recensionum</span> <span class='ocrx_word' id='word_1_121' title='bbox 633 1742 698 1784; x_wconf 91' lang='lat' dir='ltr'>eam</span> <span class='ocrx_word' id='word_1_122' title='bbox 720 1725 865 1786; x_wconf 90' lang='lat' dir='ltr'>rationem</span> <span class='ocrx_word' id='word_1_123' title='bbox 888 1744 961 1798; x_wconf 90' lang='lat' dir='ltr'>esse,</span> <span class='ocrx_word' id='word_1_124' title='bbox 985 1735 1125 1803; x_wconf 92' lang='lat' dir='ltr'>utquam</span> <span class='ocrx_word' id='word_1_125' title='bbox 1150 1724 1198 1786; x_wconf 89' lang='lat' dir='ltr'>PS</span> <span class='ocrx_word' id='word_1_126' title='bbox 1219 1744 1265 1785; x_wconf 91' lang='lat' dir='ltr'>re·</span> <span class='ocrx_word' id='word_1_127' title='bbox 1370 1759 1371 1762; x_wconf 61' lang='lat'><em>=</em></span> 
     </span>
     <span class='ocr_line' id='line_1_16' title="bbox 190 1825 1371 1906; baseline 0.003 -23"><span class='ocrx_word' id='word_1_128' title='bbox 190 1834 383 1903; x_wconf 89' lang='lat' dir='ltr'>praesentant</span> <span class='ocrx_word' id='word_1_129' title='bbox 404 1825 519 1905; x_wconf 86' lang='lat' dir='ltr'>integra</span> <span class='ocrx_word' id='word_1_130' title='bbox 540 1825 674 1887; x_wconf 91' lang='lat' dir='ltr'>habenda</span> <span class='ocrx_word' id='word_1_131' title='bbox 697 1828 735 1888; x_wconf 89' lang='lat' dir='ltr'>sit</span> <span class='ocrx_word' id='word_1_132' title='bbox 756 1837 786 1886; x_wconf 93' lang='lat' dir='ltr'>et</span> <span class='ocrx_word' id='word_1_133' title='bbox 806 1827 910 1906; x_wconf 94' lang='lat' dir='ltr'>purior</span> <span class='ocrx_word' id='word_1_134' title='bbox 932 1845 975 1899; x_wconf 92' lang='lat' dir='ltr'>ea,</span> <span class='ocrx_word' id='word_1_135' title='bbox 998 1845 1086 1905; x_wconf 93' lang='lat' dir='ltr'>quam</span> <span class='ocrx_word' id='word_1_136' title='bbox 1103 1827 1193 1887; x_wconf 91' lang='lat' dir='ltr'>ceteri</span> <span class='ocrx_word' id='word_1_137' title='bbox 1215 1845 1265 1886; x_wconf 90' lang='lat' dir='ltr'>oo·</span> <span class='ocrx_word' id='word_1_138' title='bbox 1370 1887 1371 1896; x_wconf 62' lang='grc'>,</span> 
     </span>
     <span class='ocr_line' id='line_1_17' title="bbox 191 1927 1371 2007; baseline 0 -19"><span class='ocrx_word' id='word_1_139' title='bbox 191 1927 270 1988; x_wconf 90' lang='lat' dir='ltr'>dices</span> <span class='ocrx_word' id='word_1_140' title='bbox 302 1927 437 2007; x_wconf 88' lang='lat' dir='ltr'>plerique</span> <span class='ocrx_word' id='word_1_141' title='bbox 470 1946 574 1990; x_wconf 89' lang='lat' dir='ltr'>omnes</span> <span class='ocrx_word' id='word_1_142' title='bbox 602 1932 653 2006; x_wconf 86' lang='grc' dir='ltr'>(ω)</span> <span class='ocrx_word' id='word_1_143' title='bbox 686 1939 736 1989; x_wconf 87' lang='grc'>111</span> <span class='ocrx_word' id='word_1_144' title='bbox 768 1929 852 1990; x_wconf 91' lang='lat' dir='ltr'>multi</span> <span class='ocrx_word' id='word_1_145' title='bbox 885 1929 1024 1990; x_wconf 88' lang='lat' dir='ltr'>exhibent</span> <span class='ocrx_word' id='word_1_146' title='bbox 1058 1929 1266 2007; x_wconf 89' lang='lat' dir='ltr'>interpolatam</span> <span class='ocrx_word' id='word_1_147' title='bbox 1370 1929 1371 1954; x_wconf 66' lang='lat'>³</span> 
     </span>
    </p>
   </div>
   <div class='ocr_carea' id='block_1_6' title="bbox 190 2029 1371 2212">
    <p class='ocr_par' dir='ltr' id='par_1_6' title="bbox 190 2029 1371 2212">
     <span class='ocr_line' id='line_1_18' title="bbox 191 2029 1371 2114; baseline -0.002 -24"><span class='ocrx_word' id='word_1_148' title='bbox 191 2040 221 2090; x_wconf 91' lang='lat' dir='ltr'>ct</span> <span class='ocrx_word' id='word_1_149' title='bbox 242 2030 436 2109; x_wconf 88' lang='lat' dir='ltr'>depravatam,</span> <span class='ocrx_word' id='word_1_150' title='bbox 458 2041 615 2110; x_wconf 88' lang='lat' dir='ltr'>postquam</span> <span class='ocrx_word' id='word_1_151' title='bbox 637 2031 669 2092; x_wconf 92' lang='lat' dir='ltr'>in</span> <span class='ocrx_word' id='word_1_152' title='bbox 691 2032 821 2092; x_wconf 90' lang='lat' dir='ltr'>editione</span> <span class='ocrx_word' id='word_1_153' title='bbox 843 2050 859 2090; x_wconf 90' lang='lat' dir='ltr'>a</span> <span class='ocrx_word' id='word_1_154' title='bbox 882 2050 929 2091; x_wconf 92' lang='lat' dir='ltr'>me</span> <span class='ocrx_word' id='word_1_155' title='bbox 952 2033 1074 2094; x_wconf 82' lang='lat' dir='ltr'>a.1851</span> <span class='ocrx_word' id='word_1_156' title='bbox 1102 2039 1202 2090; x_wconf 91' lang='lat' dir='ltr'>curata</span> <span class='ocrx_word' id='word_1_157' title='bbox 1218 2029 1266 2089; x_wconf 88' lang='lat' dir='ltr'>PS</span> <span class='ocrx_word' id='word_1_158' title='bbox 1370 2101 1371 2114; x_wconf 10' lang='grc' dir='ltr'>χ</span> 
     </span>
     <span class='ocr_line' id='line_1_19' title="bbox 190 2131 1371 2212; baseline -0.003 -20"><span class='ocrx_word' id='word_1_159' title='bbox 190 2133 357 2193; x_wconf 88' lang='lat' dir='ltr'>testimonia</span> <span class='ocrx_word' id='word_1_160' title='bbox 379 2142 521 2210; x_wconf 89' lang='lat' dir='ltr'>quantum</span> <span class='ocrx_word' id='word_1_161' title='bbox 544 2133 609 2193; x_wconf 85' lang='lat' dir='ltr'>lieri</span> <span class='ocrx_word' id='word_1_162' title='bbox 632 2134 728 2212; x_wconf 90' lang='lat' dir='ltr'>potuit</span> <span class='ocrx_word' id='word_1_163' title='bbox 748 2133 852 2212; x_wconf 88' lang='lat' dir='ltr'>plena,</span> <span class='ocrx_word' id='word_1_164' title='bbox 882 2144 1049 2193; x_wconf 89' lang='lat' dir='ltr'>ceterorum</span> <span class='ocrx_word' id='word_1_165' title='bbox 1071 2131 1207 2192; x_wconf 87' lang='lat' dir='ltr'>codicum</span> <span class='ocrx_word' id='word_1_166' title='bbox 1230 2149 1265 2189; x_wconf 84' lang='lat' dir='ltr'>ex</span> <span class='ocrx_word' id='word_1_167' title='bbox 1370 2141 1371 2160; x_wconf 66' lang='lat'>¹</span> 
     </span>
    </p>
   </div>
   <div class='ocr_carea' id='block_1_7' title="bbox 190 2234 1371 2428">
    <p class='ocr_par' dir='ltr' id='par_1_7' title="bbox 190 2234 1371 2428">
     <span class='ocr_line' id='line_1_20' title="bbox 191 2234 1371 2314; baseline 0 -22"><span class='ocrx_word' id='word_1_168' title='bbox 191 2251 298 2313; x_wconf 88' lang='lat' dir='ltr'>magno</span> <span class='ocrx_word' id='word_1_169' title='bbox 322 2252 445 2294; x_wconf 92' lang='lat' dir='ltr'>numero</span> <span class='ocrx_word' id='word_1_170' title='bbox 469 2235 657 2308; x_wconf 91' lang='lat' dir='ltr'>selectorum,</span> <span class='ocrx_word' id='word_1_171' title='bbox 680 2244 823 2313; x_wconf 90' lang='lat' dir='ltr'>quantum</span> <span class='ocrx_word' id='word_1_172' title='bbox 845 2234 994 2306; x_wconf 86' lang='lat' dir='ltr'>satisfuit,</span> <span class='ocrx_word' id='word_1_173' title='bbox 1016 2234 1168 2314; x_wconf 91' lang='lat' dir='ltr'>proposita</span> <span class='ocrx_word' id='word_1_174' title='bbox 1184 2242 1264 2306; x_wconf 87' lang='lat' dir='ltr'>sunt,</span> <span class='ocrx_word' id='word_1_175' title='bbox 1370 2251 1371 2282; x_wconf 70' lang='lat' dir='ltr'>t</span> 
     </span>
     <span class='ocr_line' id='line_1_21' title="bbox 190 2335 1371 2428; baseline -0.002 -31"><span class='ocrx_word' id='word_1_176' title='bbox 190 2336 254 2397; x_wconf 85' lang='lat' dir='ltr'>Car.</span> <span class='ocrx_word' id='word_1_177' title='bbox 279 2336 326 2396; x_wconf 84' lang='lat' dir='ltr'>Fr.</span> <span class='ocrx_word' id='word_1_178' title='bbox 351 2337 539 2398; x_wconf 89' lang='lat' dir='ltr'>Hermannus</span> <span class='ocrx_word' id='word_1_179' title='bbox 561 2338 675 2400; x_wconf 92' lang='lat' dir='ltr'>duabus</span> <span class='ocrx_word' id='word_1_180' title='bbox 697 2337 961 2417; x_wconf 86' lang='lat' dir='ltr'>disputationibus,</span> <span class='ocrx_word' id='word_1_181' title='bbox 993 2355 1064 2416; x_wconf 90' lang='lat' dir='ltr'>quas</span> <span class='ocrx_word' id='word_1_182' title='bbox 1089 2337 1125 2397; x_wconf 92' lang='lat' dir='ltr'>de</span> <span class='ocrx_word' id='word_1_183' title='bbox 1155 2335 1265 2397; x_wconf 91' lang='lat' dir='ltr'>codici·</span> <span class='ocrx_word' id='word_1_184' title='bbox 1370 2347 1371 2428; x_wconf 56' lang='lat' dir='ltr'><strong>ff</strong></span> 
     </span>
    </p>
   </div>
   <div class='ocr_carea' id='block_1_8' title="bbox 191 2438 1265 2519">
    <p class='ocr_par' dir='ltr' id='par_1_8' title="bbox 191 2438 1265 2519">
     <span class='ocr_line' id='line_1_22' title="bbox 191 2438 1265 2519; baseline -0.001 -20"><span class='ocrx_word' id='word_1_185' title='bbox 191 2438 247 2500; x_wconf 94' lang='lat' dir='ltr'>bus</span> <span class='ocrx_word' id='word_1_186' title='bbox 269 2438 414 2500; x_wconf 85' lang='lat' dir='ltr'>luvenalis</span> <span class='ocrx_word' id='word_1_187' title='bbox 436 2449 516 2500; x_wconf 88' lang='lat' dir='ltr'>recte</span> <span class='ocrx_word' id='word_1_188' title='bbox 538 2441 726 2502; x_wconf 87' lang='lat' dir='ltr'>aestimandis</span> <span class='ocrx_word' id='word_1_189' title='bbox 749 2440 839 2518; x_wconf 87' lang='lat' dir='ltr'>(Gott.</span> <span class='ocrx_word' id='word_1_190' title='bbox 858 2442 951 2519; x_wconf 83' lang='lat'>1847)</span> <span class='ocrx_word' id='word_1_191' title='bbox 976 2451 1006 2501; x_wconf 91' lang='lat' dir='ltr'>et</span> <span class='ocrx_word' id='word_1_192' title='bbox 1026 2440 1166 2501; x_wconf 90' lang='lat' dir='ltr'>vindicias</span> <span class='ocrx_word' id='word_1_193' title='bbox 1182 2439 1265 2499; x_wconf 92' lang='lat' dir='ltr'>luve-</span> 
     </span>
    </p>
   </div>
   <div class='ocr_carea' id='block_1_9' title="bbox 191 2541 1371 2721">
    <p class='ocr_par' dir='ltr' id='par_1_9' title="bbox 191 2541 1371 2721">
     <span class='ocr_line' id='line_1_23' title="bbox 191 2541 1371 2626; baseline -0.003 -26"><span class='ocrx_word' id='word_1_194' title='bbox 191 2541 321 2602; x_wconf 90' lang='lat' dir='ltr'>nalianas</span> <span class='ocrx_word' id='word_1_195' title='bbox 344 2541 433 2616; x_wconf 87' lang='lat' dir='ltr'>(Gott.</span> <span class='ocrx_word' id='word_1_196' title='bbox 458 2544 551 2613; x_wconf 90' lang='grc'>1854)</span> <span class='ocrx_word' id='word_1_197' title='bbox 575 2543 734 2622; x_wconf 89' lang='lat' dir='ltr'>inscripsit,</span> <span class='ocrx_word' id='word_1_198' title='bbox 757 2543 838 2603; x_wconf 89' lang='lat' dir='ltr'>etin</span> <span class='ocrx_word' id='word_1_199' title='bbox 862 2543 1045 2620; x_wconf 87' lang='lat' dir='ltr'>praefatione</span> <span class='ocrx_word' id='word_1_200' title='bbox 1068 2541 1205 2602; x_wconf 91' lang='lat' dir='ltr'>editionis</span> <span class='ocrx_word' id='word_1_201' title='bbox 1228 2541 1265 2614; x_wconf 88' lang='lat'>(.</span> <span class='ocrx_word' id='word_1_202' title='bbox 1370 2611 1371 2626; x_wconf 11' lang='grc' dir='ltr'>ἦ</span> 
     </span>
     <span class='ocr_line' id='line_1_24' title="bbox 194 2639 1371 2721; baseline -0.005 -15"><span class='ocrx_word' id='word_1_203' title='bbox 194 2644 287 2720; x_wconf 84' lang='grc'>1854)</span> <span class='ocrx_word' id='word_1_204' title='bbox 309 2644 476 2704; x_wconf 88' lang='lat' dir='ltr'>accuratius</span> <span class='ocrx_word' id='word_1_205' title='bbox 497 2644 717 2704; x_wconf 90' lang='lat' dir='ltr'>demonstravit.</span> <span class='ocrx_word' id='word_1_206' title='bbox 762 2644 861 2721; x_wconf 92' lang='lat' dir='ltr'>itaque</span> <span class='ocrx_word' id='word_1_207' title='bbox 883 2660 946 2702; x_wconf 91' lang='lat' dir='ltr'>rem</span> <span class='ocrx_word' id='word_1_208' title='bbox 969 2652 1098 2720; x_wconf 89' lang='lat' dir='ltr'>apertam</span> <span class='ocrx_word' id='word_1_209' title='bbox 1126 2641 1266 2718; x_wconf 82' lang='lat' dir='ltr'>exemplis</span> <span class='ocrx_word' id='word_1_210' title='bbox 1370 2639 1371 2652; x_wconf 61' lang='lat'>¹</span> 
     </span>
    </p>
   </div>
   <div class='ocr_carea' id='block_1_10' title="bbox 191 2742 1268 2824">
    <p class='ocr_par' dir='ltr' id='par_1_10' title="bbox 191 2742 1268 2824">
     <span class='ocr_line' id='line_1_25' title="bbox 191 2742 1268 2824; baseline -0.002 -20"><span class='ocrx_word' id='word_1_211' title='bbox 191 2745 337 2806; x_wconf 90' lang='lat' dir='ltr'>illustrare</span> <span class='ocrx_word' id='word_1_212' title='bbox 359 2744 555 2824; x_wconf 87' lang='lat' dir='ltr'>supersedeo,</span> <span class='ocrx_word' id='word_1_213' title='bbox 579 2745 719 2822; x_wconf 91' lang='lat' dir='ltr'>quoniam</span> <span class='ocrx_word' id='word_1_214' title='bbox 742 2744 859 2806; x_wconf 88' lang='lat' dir='ltr'>selectis</span> <span class='ocrx_word' id='word_1_215' title='bbox 881 2744 1023 2822; x_wconf 81' lang='lat' dir='ltr'>exemplis</span> <span class='ocrx_word' id='word_1_216' title='bbox 1046 2742 1119 2804; x_wconf 92' lang='lat' dir='ltr'>nihil</span> <span class='ocrx_word' id='word_1_217' title='bbox 1142 2743 1197 2804; x_wconf 93' lang='lat' dir='ltr'>nisi</span> <span class='ocrx_word' id='word_1_218' title='bbox 1220 2742 1268 2803; x_wconf 88' lang='lat' dir='ltr'>PS</span> 
     </span>
    </p>
   </div>
   <div class='ocr_carea' id='block_1_11' title="bbox 190 2845 1371 3128">
    <p class='ocr_par' dir='ltr' id='par_1_11' title="bbox 190 2845 1371 3128">
     <span class='ocr_line' id='line_1_26' title="bbox 190 2845 1371 2925; baseline -0.002 -19"><span class='ocrx_word' id='word_1_219' title='bbox 190 2845 309 2906; x_wconf 90' lang='lat' dir='ltr'>testium</span> <span class='ocrx_word' id='word_1_220' title='bbox 331 2845 508 2925; x_wconf 88' lang='lat' dir='ltr'>praestantia</span> <span class='ocrx_word' id='word_1_221' title='bbox 527 2845 680 2925; x_wconf 87' lang='lat' dir='ltr'>probatur,</span> <span class='ocrx_word' id='word_1_222' title='bbox 702 2846 730 2906; x_wconf 95' lang='lat' dir='ltr'>id</span> <span class='ocrx_word' id='word_1_223' title='bbox 754 2845 833 2923; x_wconf 93' lang='lat' dir='ltr'>quod</span> <span class='ocrx_word' id='word_1_224' title='bbox 850 2854 939 2924; x_wconf 91' lang='lat' dir='ltr'>caput</span> <span class='ocrx_word' id='word_1_225' title='bbox 960 2852 1013 2918; x_wconf 83' lang='lat' dir='ltr'>est,</span> <span class='ocrx_word' id='word_1_226' title='bbox 1036 2862 1099 2905; x_wconf 91' lang='lat' dir='ltr'>cam</span> <span class='ocrx_word' id='word_1_227' title='bbox 1116 2845 1266 2906; x_wconf 90' lang='lat' dir='ltr'>recensio·</span> <span class='ocrx_word' id='word_1_228' title='bbox 1370 2877 1371 2880; x_wconf 17' lang='grc' dir='ltr'><strong>κ</strong></span> 
     </span>
     <span class='ocr_line' id='line_1_27' title="bbox 192 2947 1371 3027; baseline -0.002 -20"><span class='ocrx_word' id='word_1_229' title='bbox 192 2965 260 3008; x_wconf 92' lang='lat' dir='ltr'>nem</span> <span class='ocrx_word' id='word_1_230' title='bbox 283 2966 300 3008; x_wconf 94' lang='lat' dir='ltr'>e</span> <span class='ocrx_word' id='word_1_231' title='bbox 323 2967 398 3027; x_wconf 91' lang='lat' dir='ltr'>puro</span> <span class='ocrx_word' id='word_1_232' title='bbox 427 2949 509 3009; x_wconf 83' lang='lat' dir='ltr'>fonte</span> <span class='ocrx_word' id='word_1_233' title='bbox 532 2949 649 3009; x_wconf 86' lang='lat' dir='ltr'>ductam</span> <span class='ocrx_word' id='word_1_234' title='bbox 671 2948 769 3027; x_wconf 89' lang='lat' dir='ltr'>itaque</span> <span class='ocrx_word' id='word_1_235' title='bbox 792 2956 990 3026; x_wconf 89' lang='lat' dir='ltr'>comparatam</span> <span class='ocrx_word' id='word_1_236' title='bbox 1014 2965 1094 3019; x_wconf 90' lang='grc'>1111,</span> <span class='ocrx_word' id='word_1_237' title='bbox 1123 2956 1156 3007; x_wconf 88' lang='grc'>11</span> <span class='ocrx_word' id='word_1_238' title='bbox 1178 2947 1265 3007; x_wconf 89' lang='lat' dir='ltr'>etiam</span> <span class='ocrx_word' id='word_1_239' title='bbox 1370 2973 1371 2986; x_wconf 48' lang='lat'>¹</span> 
     </span>
     <span class='ocr_line' id='line_1_28' title="bbox 192 3043 1371 3128; baseline -0.001 -20"><span class='ocrx_word' id='word_1_240' title='bbox 192 3048 222 3109; x_wconf 93' lang='lat' dir='ltr'>in</span> <span class='ocrx_word' id='word_1_241' title='bbox 245 3049 367 3111; x_wconf 89' lang='lat' dir='ltr'>incertis</span> <span class='ocrx_word' id='word_1_242' title='bbox 397 3059 426 3110; x_wconf 89' lang='lat' dir='ltr'>et</span> <span class='ocrx_word' id='word_1_243' title='bbox 453 3048 550 3110; x_wconf 92' lang='lat' dir='ltr'>dubiis</span> <span class='ocrx_word' id='word_1_244' title='bbox 572 3059 676 3109; x_wconf 91' lang='lat' dir='ltr'>contra</span> <span class='ocrx_word' id='word_1_245' title='bbox 704 3049 899 3128; x_wconf 90' lang='lat' dir='ltr'>interpolatos</span> <span class='ocrx_word' id='word_1_246' title='bbox 927 3048 1020 3109; x_wconf 91' lang='lat' dir='ltr'>libros</span> <span class='ocrx_word' id='word_1_247' title='bbox 1046 3050 1196 3126; x_wconf 86' lang='lat' dir='ltr'>sequenda</span> <span class='ocrx_word' id='word_1_248' title='bbox 1218 3048 1265 3121; x_wconf 89' lang='lat' dir='ltr'>sit,</span> <span class='ocrx_word' id='word_1_249' title='bbox 1370 3043 1371 3094; x_wconf 65' lang='lat' dir='ltr'>i</span> 
     </span>
    </p>
   </div>
   <div class='ocr_carea' id='block_1_12' title="bbox 192 3151 1269 4045">
    <p class='ocr_par' dir='ltr' id='par_1_12' title="bbox 192 3151 1269 4045">
     <span class='ocr_line' id='line_1_29' title="bbox 193 3151 1266 3231; baseline -0.001 -19"><span class='ocrx_word' id='word_1_250' title='bbox 193 3151 365 3230; x_wconf 88' lang='lat' dir='ltr'>quaestione</span> <span class='ocrx_word' id='word_1_251' title='bbox 387 3153 504 3212; x_wconf 91' lang='lat' dir='ltr'>demum</span> <span class='ocrx_word' id='word_1_252' title='bbox 528 3170 582 3231; x_wconf 94' lang='lat' dir='ltr'>per</span> <span class='ocrx_word' id='word_1_253' title='bbox 603 3161 698 3213; x_wconf 92' lang='lat' dir='ltr'>totum</span> <span class='ocrx_word' id='word_1_254' title='bbox 721 3152 829 3212; x_wconf 94' lang='lat' dir='ltr'>librum</span> <span class='ocrx_word' id='word_1_255' title='bbox 852 3151 1007 3231; x_wconf 85' lang='lat' dir='ltr'>diligenter</span> <span class='ocrx_word' id='word_1_256' title='bbox 1027 3151 1161 3212; x_wconf 89' lang='lat' dir='ltr'>instituta</span> <span class='ocrx_word' id='word_1_257' title='bbox 1184 3161 1266 3230; x_wconf 93' lang='lat' dir='ltr'>pate-</span> 
     </span>
     <span class='ocr_line' id='line_1_30' title="bbox 192 3253 1266 3333; baseline -0.001 -20"><span class='ocrx_word' id='word_1_258' title='bbox 192 3254 255 3314; x_wconf 86' lang='lat' dir='ltr'>fieri</span> <span class='ocrx_word' id='word_1_259' title='bbox 277 3262 384 3333; x_wconf 88' lang='lat' dir='ltr'>potest.</span> <span class='ocrx_word' id='word_1_260' title='bbox 427 3255 506 3332; x_wconf 94' lang='lat' dir='ltr'>quod</span> <span class='ocrx_word' id='word_1_261' title='bbox 528 3272 590 3314; x_wconf 92' lang='lat' dir='ltr'>non</span> <span class='ocrx_word' id='word_1_262' title='bbox 613 3271 725 3325; x_wconf 88' lang='lat' dir='ltr'>vereor,</span> <span class='ocrx_word' id='word_1_263' title='bbox 749 3272 787 3314; x_wconf 90' lang='lat' dir='ltr'>nc</span> <span class='ocrx_word' id='word_1_264' title='bbox 810 3254 876 3331; x_wconf 91' lang='lat' dir='ltr'>quis</span> <span class='ocrx_word' id='word_1_265' title='bbox 898 3254 929 3314; x_wconf 91' lang='lat' dir='ltr'>in</span> <span class='ocrx_word' id='word_1_266' title='bbox 945 3262 1008 3314; x_wconf 90' lang='lat' dir='ltr'>arte</span> <span class='ocrx_word' id='word_1_267' title='bbox 1023 3253 1123 3314; x_wconf 83' lang='lat' dir='ltr'>critica</span> <span class='ocrx_word' id='word_1_268' title='bbox 1145 3254 1266 3333; x_wconf 92' lang='lat' dir='ltr'>paulum</span> 
     </span>
     <span class='ocr_line' id='line_1_31' title="bbox 192 3354 1267 3434; baseline 0.001 -21"><span class='ocrx_word' id='word_1_269' title='bbox 192 3365 323 3416; x_wconf 88' lang='lat' dir='ltr'>versatus</span> <span class='ocrx_word' id='word_1_270' title='bbox 345 3356 384 3416; x_wconf 91' lang='lat' dir='ltr'>ita</span> <span class='ocrx_word' id='word_1_271' title='bbox 399 3356 621 3434; x_wconf 87' lang='lat' dir='ltr'>interpretetur,</span> <span class='ocrx_word' id='word_1_272' title='bbox 645 3356 728 3434; x_wconf 92' lang='lat' dir='ltr'>quasi</span> <span class='ocrx_word' id='word_1_273' title='bbox 743 3355 772 3416; x_wconf 95' lang='lat' dir='ltr'>in</span> <span class='ocrx_word' id='word_1_274' title='bbox 790 3354 839 3416; x_wconf 89' lang='lat' dir='ltr'>PS</span> <span class='ocrx_word' id='word_1_275' title='bbox 851 3356 950 3416; x_wconf 91' lang='lat' dir='ltr'>omnia</span> <span class='ocrx_word' id='word_1_276' title='bbox 965 3367 1056 3429; x_wconf 90' lang='lat' dir='ltr'>recte,</span> <span class='ocrx_word' id='word_1_277' title='bbox 1079 3356 1108 3416; x_wconf 96' lang='lat' dir='ltr'>in</span> <span class='ocrx_word' id='word_1_278' title='bbox 1127 3379 1153 3418; x_wconf 86' lang='grc' dir='ltr'>ω</span> <span class='ocrx_word' id='word_1_279' title='bbox 1168 3356 1267 3416; x_wconf 91' lang='lat' dir='ltr'>omnia</span> 
     </span>
     <span class='ocr_line' id='line_1_32' title="bbox 192 3458 1266 3538; baseline 0.001 -22"><span class='ocrx_word' id='word_1_280' title='bbox 192 3475 281 3536; x_wconf 92' lang='lat' dir='ltr'>prave</span> <span class='ocrx_word' id='word_1_281' title='bbox 304 3458 412 3538; x_wconf 90' lang='lat' dir='ltr'>scripta</span> <span class='ocrx_word' id='word_1_282' title='bbox 428 3467 539 3519; x_wconf 85' lang='lat' dir='ltr'>extent.</span> <span class='ocrx_word' id='word_1_283' title='bbox 578 3459 688 3518; x_wconf 89' lang='lat' dir='ltr'>etenim</span> <span class='ocrx_word' id='word_1_284' title='bbox 704 3476 801 3536; x_wconf 90' lang='lat' dir='ltr'>neque</span> <span class='ocrx_word' id='word_1_285' title='bbox 817 3458 842 3519; x_wconf 92' lang='lat' dir='ltr'>is</span> <span class='ocrx_word' id='word_1_286' title='bbox 856 3458 940 3532; x_wconf 89' lang='lat' dir='ltr'>liber,</span> <span class='ocrx_word' id='word_1_287' title='bbox 963 3460 1043 3520; x_wconf 89' lang='lat' dir='ltr'>unde</span> <span class='ocrx_word' id='word_1_288' title='bbox 1059 3458 1107 3520; x_wconf 90' lang='lat' dir='ltr'>PS</span> <span class='ocrx_word' id='word_1_289' title='bbox 1119 3458 1266 3538; x_wconf 91' lang='lat' dir='ltr'>originem</span> 
     </span>
     <span class='ocr_line' id='line_1_33' title="bbox 193 3559 1266 3640; baseline 0.002 -23"><span class='ocrx_word' id='word_1_290' title='bbox 193 3569 347 3636; x_wconf 88' lang='lat' dir='ltr'>ceperunt,</span> <span class='ocrx_word' id='word_1_291' title='bbox 363 3577 378 3618; x_wconf 92' lang='lat' dir='ltr'>a</span> <span class='ocrx_word' id='word_1_292' title='bbox 393 3559 470 3620; x_wconf 92' lang='lat' dir='ltr'>vitiis</span> <span class='ocrx_word' id='word_1_293' title='bbox 485 3559 624 3620; x_wconf 89' lang='lat' dir='ltr'>immunis</span> <span class='ocrx_word' id='word_1_294' title='bbox 635 3559 699 3634; x_wconf 84' lang='lat' dir='ltr'>luit,</span> <span class='ocrx_word' id='word_1_295' title='bbox 717 3577 813 3638; x_wconf 89' lang='lat' dir='ltr'>neque</span> <span class='ocrx_word' id='word_1_296' title='bbox 828 3561 879 3638; x_wconf 93' lang='lat' dir='ltr'>qui</span> <span class='ocrx_word' id='word_1_297' title='bbox 891 3560 959 3622; x_wconf 93' lang='lat' dir='ltr'>inde</span> <span class='ocrx_word' id='word_1_298' title='bbox 971 3561 1193 3640; x_wconf 87' lang='lat' dir='ltr'>descripserunt</span> <span class='ocrx_word' id='word_1_299' title='bbox 1205 3579 1266 3620; x_wconf 93' lang='lat' dir='ltr'>non</span> 
     </span>
     <span class='ocr_line' id='line_1_34' title="bbox 194 3659 1268 3741; baseline 0.003 -22"><span class='ocrx_word' id='word_1_300' title='bbox 194 3659 285 3722; x_wconf 89' lang='lat' dir='ltr'>multa</span> <span class='ocrx_word' id='word_1_301' title='bbox 298 3661 486 3740; x_wconf 88' lang='lat' dir='ltr'>neglegentia</span> <span class='ocrx_word' id='word_1_302' title='bbox 497 3670 669 3740; x_wconf 88' lang='lat' dir='ltr'>peccarunt.</span> <span class='ocrx_word' id='word_1_303' title='bbox 693 3673 795 3722; x_wconf 91' lang='lat' dir='ltr'>contra</span> <span class='ocrx_word' id='word_1_304' title='bbox 809 3662 838 3722; x_wconf 93' lang='lat' dir='ltr'>in</span> <span class='ocrx_word' id='word_1_305' title='bbox 853 3683 887 3724; x_wconf 93' lang='lat' dir='ltr'>eo</span> <span class='ocrx_word' id='word_1_306' title='bbox 899 3663 1044 3741; x_wconf 84' lang='lat' dir='ltr'>exemplo,</span> <span class='ocrx_word' id='word_1_307' title='bbox 1058 3662 1268 3740; x_wconf 80' lang='lat' dir='ltr'>quodllicaeus</span> 
     </span>
     <span class='ocr_line' id='line_1_35' title="bbox 194 3762 1267 3845; baseline 0.002 -23"><span class='ocrx_word' id='word_1_308' title='bbox 194 3780 262 3822; x_wconf 91' lang='lat' dir='ltr'>cum</span> <span class='ocrx_word' id='word_1_309' title='bbox 286 3762 387 3824; x_wconf 90' lang='lat' dir='ltr'>Servio</span> <span class='ocrx_word' id='word_1_310' title='bbox 410 3763 606 3843; x_wconf 88' lang='lat' dir='ltr'>interpolavit,</span> <span class='ocrx_word' id='word_1_311' title='bbox 629 3765 692 3825; x_wconf 87' lang='lat' dir='ltr'>fieri</span> <span class='ocrx_word' id='word_1_312' title='bbox 715 3784 776 3825; x_wconf 94' lang='lat' dir='ltr'>non</span> <span class='ocrx_word' id='word_1_313' title='bbox 799 3765 904 3845; x_wconf 88' lang='lat' dir='ltr'>potuit,</span> <span class='ocrx_word' id='word_1_314' title='bbox 928 3766 1000 3843; x_wconf 93' lang='lat' dir='ltr'>quin</span> <span class='ocrx_word' id='word_1_315' title='bbox 1022 3765 1114 3825; x_wconf 86' lang='lat' dir='ltr'>multe</span> <span class='ocrx_word' id='word_1_316' title='bbox 1135 3765 1174 3824; x_wconf 92' lang='lat' dir='ltr'>ita</span> <span class='ocrx_word' id='word_1_317' title='bbox 1198 3772 1267 3824; x_wconf 90' lang='lat' dir='ltr'>uta</span> 
     </span>
     <span class='ocr_line' id='line_1_36' title="bbox 193 3865 1268 3945; baseline 0.003 -22"><span class='ocrx_word' id='word_1_318' title='bbox 193 3873 279 3944; x_wconf 92' lang='lat' dir='ltr'>poeta</span> <span class='ocrx_word' id='word_1_319' title='bbox 302 3865 411 3944; x_wconf 90' lang='lat' dir='ltr'>scripta</span> <span class='ocrx_word' id='word_1_320' title='bbox 434 3876 519 3927; x_wconf 90' lang='lat' dir='ltr'>erant</span> <span class='ocrx_word' id='word_1_321' title='bbox 540 3875 663 3939; x_wconf 87' lang='lat' dir='ltr'>servata,</span> <span class='ocrx_word' id='word_1_322' title='bbox 686 3867 802 3945; x_wconf 89' lang='lat' dir='ltr'>integra</span> <span class='ocrx_word' id='word_1_323' title='bbox 825 3884 840 3925; x_wconf 87' lang='lat' dir='ltr'>a</span> <span class='ocrx_word' id='word_1_324' title='bbox 863 3866 989 3927; x_wconf 91' lang='lat' dir='ltr'>librariis</span> <span class='ocrx_word' id='word_1_325' title='bbox 1018 3865 1268 3927; x_wconf 88' lang='lat' dir='ltr'>transscriberen-</span> 
     </span>
     <span class='ocr_line' id='line_1_37' title="bbox 192 3968 1269 4045; baseline 0.001 -19"><span class='ocrx_word' id='word_1_326' title='bbox 192 3975 250 4026; x_wconf 92' lang='lat' dir='ltr'>tur.</span> <span class='ocrx_word' id='word_1_327' title='bbox 296 3984 387 4045; x_wconf 91' lang='lat' dir='ltr'>quare</span> <span class='ocrx_word' id='word_1_328' title='bbox 409 3986 471 4028; x_wconf 91' lang='lat' dir='ltr'>non</span> <span class='ocrx_word' id='word_1_329' title='bbox 494 3968 661 4030; x_wconf 91' lang='lat' dir='ltr'>mirandum</span> <span class='ocrx_word' id='word_1_330' title='bbox 685 3979 745 4044; x_wconf 90' lang='lat' dir='ltr'>cst,</span> <span class='ocrx_word' id='word_1_331' title='bbox 772 3968 798 4030; x_wconf 92' lang='lat' dir='ltr'>si</span> <span class='ocrx_word' id='word_1_332' title='bbox 821 3968 898 4030; x_wconf 91' lang='lat' dir='ltr'>baud</span> <span class='ocrx_word' id='word_1_333' title='bbox 922 3987 983 4030; x_wconf 92' lang='lat' dir='ltr'>nno</span> <span class='ocrx_word' id='word_1_334' title='bbox 1005 3969 1071 4030; x_wconf 96' lang='lat' dir='ltr'>loco</span> <span class='ocrx_word' id='word_1_335' title='bbox 1094 3968 1124 4033; x_wconf 90' lang='lat' dir='ltr'>in</span> <span class='ocrx_word' id='word_1_336' title='bbox 1150 3991 1176 4030; x_wconf 90' lang='grc' dir='ltr'>ω</span> <span class='ocrx_word' id='word_1_337' title='bbox 1198 3986 1269 4028; x_wconf 89' lang='grc'>1111</span> 
     </span>
    </p>
   </div>
   <div class='ocr_carea' id='block_1_13' title="bbox 0 0 1405 4444">
    <p class='ocr_par' dir='ltr' id='par_1_13' title="bbox 0 0 1405 4444">
     <span class='ocr_line' id='line_1_38' title="bbox 0 0 1405 4444; baseline 0 0"><span class='ocrx_word' id='word_1_338' title='bbox 0 0 1405 4444; x_wconf 95' lang='lat' dir='ltr'> </span> 
     </span>
    </p>
   </div>
  </div>
 </body>
</html>
