2792 4444
95 1421 121 1462 ά

181 229 220 290 36
667 229 771 282 PERSll

184 507 292 567 respue
315 488 395 566 quod
418 507 479 548 non
503 506 543 561 es,
567 487 651 548 tollat
672 505 724 548 sua
748 504 872 547 munera
896 485 996 547 cerdo.

182 583 281 635 tecum
304 572 418 634 habita:
443 572 524 633 noris
547 590 636 651 quam
659 572 696 634 sit
718 571 771 632 tibi
794 581 877 632 curta
901 571 1043 651 supellex.

182 403 363 482 nequiquam
387 402 498 481 populo
522 401 637 462 bibulas
659 401 815 462 donaveris
836 419 933 462 aures.
1062 443 1112 704 D
1232 411 1263 464 1ο

703 807 730 876 V

184 943 305 1005 Vatibus
327 944 375 1004 hic
398 960 463 1005 mos
485 953 539 1018 est,
562 952 683 1005 centum
706 943 762 1005 sibi
784 961 908 1023 poscere
929 961 1027 1016 voces,

184 1037 305 1090 centum
329 1047 379 1089 ora
403 1037 433 1088 01
455 1028 571 1108 linguas
593 1039 695 1108 optare
717 1030 748 1090 in
772 1029 903 1090 carmina
926 1035 1056 1102 centum,

186 1114 286 1174 sabula
308 1132 361 1174 seu
383 1121 494 1174 maesto
515 1122 646 1194 ponatur
666 1113 774 1175 hianda
797 1114 948 1194 tragoedo,

185 1199 309 1259 vulnera
330 1216 383 1260 seu
405 1199 505 1258 Parthi
528 1200 664 1261 ducentis
686 1199 721 1260 ab
745 1199 869 1278 inguine
892 1200 1013 1259 ferrum.

183 1276 341 1362 ‘quorsum
364 1281 459 1344 haec?
482 1292 532 1345 aut
554 1293 679 1363 quantas
701 1284 816 1345 robusti
839 1283 978 1344 carminis
1001 1282 1056 1342 offa
1251 1295 1266 1344 5

183 1367 304 1448 ingeris,
329 1376 360 1430 ut
382 1384 436 1448 par
458 1368 496 1430 sit
518 1379 647 1450 centeno
670 1378 789 1453 gutture
813 1366 889 1442 niti?

16 1435 149 1586 klizy]
184 1454 297 1544 grande
319 1453 448 1532 locuturi
471 1454 594 1516 nebulas
617 1455 761 1516 Helicone
784 1455 917 1532 legunto,

29 1545 60 1581 V.

185 1539 208 1600 si
233 1539 341 1617 quibus
363 1540 566 1626 autoProcnes
589 1549 640 1601 aut
662 1541 687 1602 si
709 1540 819 1619 quibus
842 1538 899 1599 olla
923 1537 1068 1618 Thyestae

185 1727 314 1784 iacientes
337 1735 439 1800 cogunt
461 1729 604 1784 memorari
626 1726 771 1785 debitores.
845 1731 882 1787 51
908 1725 1039 1783 barbarus
1060 1724 1105 1782 ille
1127 1725 1266 1798 imperitus

185 1813 276 1869 nescio
301 1812 361 1886 quis
384 1828 416 1867 ex
437 1811 540 1886 populo
570 1811 620 1868 sibi
641 1812 750 1886 habeat,
778 1813 853 1887 quod
881 1821 908 1868 te
930 1812 1030 1868 laudat.
1074 1817 1121 1867 aut
1141 1827 1212 1867 0000
1234 1826 1267 1866 ex

184 1896 287 1969 vicinis,
309 1914 390 1971 quem
411 1895 566 1972 alloquitur,
590 1897 686 1956 babeat
707 1898 803 1956 falsum
826 1897 1017 1954 testimonium.
1060 1912 1109 1970 per
1124 1895 1267 1952 cerdonem

184 1980 316 2056 plebeiam
338 1983 446 2039 turham
468 1983 609 2056 significat.
652 1985 689 2041 ita
711 1983 830 2058 populus
853 1983 939 2039 dictus
962 1975 1027 2042 ἀπὸ
1046 1985 1106 2043 τοῦ
1131 1980 1266 2059 κέρδους

184 2067 210 2124 id
234 2075 276 2124 est
298 2085 312 2124 a
333 2067 421 2124 lucro.
510 2070 548 2126 52
572 2069 710 2125 translatio
734 2068 768 2124 ab
790 2078 904 2142 angusta
927 2085 956 2124 re
981 2065 1110 2123 familiari.

270 2152 292 2206 V
319 2156 332 2208 1
357 2153 426 2208 hanc
457 2152 565 2208 satiram
594 2153 686 2210 scribit
714 2153 748 2210 ad
771 2153 930 2210 Cornutum.
974 2153 1075 2225 inqua
1104 2165 1151 2206 eos
1174 2149 1268 2223 culpat

185 2243 289 2308 poetas,
313 2238 358 2311 qui
381 2235 471 2292 001001
492 2237 523 2292 ad
547 2239 667 2294 ornanda
688 2254 737 2294 sua
759 2239 884 2302 carmina,
909 2247 1042 2312 tamquam
1063 2235 1117 2291 sint
1134 2233 1225 2307 gravia
1241 2245 1268 2292 et

184 2318 317 2391 diflicilia,
346 2329 455 2377 centum
476 2319 581 2396 linguas
605 2331 633 2380 01
654 2331 762 2380 centum
785 2340 865 2380 voces
888 2339 1048 2397 exposcere,
1077 2320 1267 2395 quodcumque

186 2421 255 2479 0000
287 2405 371 2464 001101
402 2406 535 2472 scribere,
566 2409 621 2465 sive
650 2408 718 2465 bella
740 2409 795 2465 sive
816 2409 977 2481 tragoedias.
1022 2407 1086 2463 dicit
1107 2413 1196 2462 autem
1218 2404 1268 2460 sibi

182 2489 214 2546 iis
237 2491 348 2548 vocibus
371 2508 441 2565 opus
463 2509 518 2549 non
542 2509 610 2567 esse,
633 2493 673 2551 uti
695 2494 742 2567 qui
762 2493 875 2551 mediam
899 2493 1016 2550 etvilem
1031 2491 1129 2548 satirici
1145 2489 1267 2546 carminis

183 2576 322 2646 materiam
345 2575 446 2633 scribit.
491 2576 666 2650 superciliosa
687 2587 812 2652 poemata
837 2576 1017 2635 scribentibus
1039 2593 1098 2633 mos
1122 2583 1163 2632 001
1183 2574 1267 2632 lersi-

184 2667 230 2716 tan
251 2661 323 2717 intra
346 2678 375 2717 se
398 2671 492 2733 optare
513 2661 574 2725 boc,
604 2662 772 2736 alioquinin
796 2662 871 2719 nullo
895 2663 1042 2721 carminum
1064 2669 1192 2718 notorum
1214 2660 1267 2716 tale

185 2753 349 2810 0010111001,
373 2745 419 2800 sed
442 2754 547 2801 tantum
569 2745 719 2819 hyperbole
741 2756 791 2804 est.
859 2750 876 2806 3
901 2748 1006 2805 hianda.
1029 2764 1043 2803 a
1066 2746 1139 2804 vocis
1161 2745 1268 2818 magni-

184 2826 279 2884 tudine
307 2828 350 2884 vel
380 2828 433 2884 oris
456 2829 621 2887 diductione.
649 2831 691 2889 vel
713 2831 792 2890 etiam
813 2832 847 2888 ab
870 2833 961 2891 habitu
985 2848 1177 2909 personarum,
1201 2847 1268 2905 quas

184 2914 270 2969 acturi
298 2913 441 2988 accipiunt.
572 2918 591 2973 4
614 2917 764 2990 specialiter
793 2919 883 2975 Parthi
906 2919 1014 2977 nomine
1035 2935 1101 2976 usus
1124 2926 1178 2982 est,
1206 2932 1268 2973 curn

185 2999 346 3072 generaliter
376 2998 504 3056 barbaros
533 3001 672 3076 significet.
702 3003 754 3059 hoo
783 3012 810 3060 et
833 3004 959 3062 Horatius
982 3004 1018 3061 ait
1040 3003 1105 3078 [cat.
1122 3004 1151 3067 2,
1172 3005 1197 3067 1,
1219 2999 1267 3075 15]

205 3091 251 3139 aut
273 3083 387 3141 labentis
416 3102 486 3160 equo
515 3086 656 3161 descripsit
682 3087 793 3146 vulnera
820 3084 933 3146 Parthi’.
1064 3091 1081 3147 8
1104 3087 1210 3152 Procne
1232 3083 1268 3142 ob

185 3176 311 3240 stuprum
332 3171 448 3235 sororis,
479 3171 553 3245 quod
576 3190 590 3229 a
612 3173 707 3229 marito
734 3183 775 3230 est
796 3190 960 3248 compresse,
985 3174 1078 3231 dolens
1100 3171 1170 3230 filios
1191 3188 1266 3237 suos,

186 3269 256 3326 quos
287 3255 320 3311 de
349 3255 433 3311 Tereo
466 3255 561 3312 marito
590 3257 698 3322 babuit,
733 3258 830 3316 occidit
861 3260 939 3333 eique
962 3259 1109 3334 epulandos
1133 3257 1268 3333 apposuit.

185 3337 307 3398 similiter
329 3347 356 3396 et
378 3343 476 3396 Atreus
498 3340 618 3415 Thyestis
651 3341 741 3400 fratris
773 3343 842 3401 lilios
871 3344 1007 3402 interfecit
1027 3353 1172 3420 propterea
1195 3341 1268 3418 quod

187 3422 244 3480 eius
266 3425 358 3482 uxoris
381 3423 513 3480 adulterio
536 3423 671 3491 utebatur,
696 3429 767 3486 0101
790 3430 822 3486 de
844 3429 905 3487 filiis
928 3431 983 3488 suis
1006 3430 1099 3505 epulas
1121 3445 1268 3505 praepara·

185 3506 232 3563 vit.
257 3509 302 3582 qui
331 3513 431 3565 Atreus
459 3508 556 3566 babere
588 3512 726 3570 dicebatur
759 3531 859 3587 agnum
892 3516 1035 3591 purpureis
1060 3514 1211 3581 velleribus,
1236 3514 1269 3571 de

186 3607 243 3666 quo
273 3592 382 3649 oraculo
412 3609 573 3666 responsum
599 3596 688 3656 luerat
716 3608 769 3655 tarn
791 3599 835 3657 diu
859 3602 1064 3676 imperaturum,
1089 3603 1176 3660 donec
1198 3607 1270 3658 esset

238 3775 270 3825 50
288 3772 426 3825 uibulesP
504 3779 533 3829 51
554 3776 706 3844 1100000101
771 3784 880 3833 001αΡ
948 3781 1266 3846 021011100100010010

274 3838 347 3893 Vad
369 3842 518 3908 magistrum
543 3847 659 3912 equitum
684 3849 821 3901 Cornutum
846 3851 870 3900 P
955 3854 970 3903 1
994 3851 1061 3919 parti
1083 3850 1107 3901 P
1130 3848 1219 3916 parchi
1243 3853 1268 3899 α

239 3909 400 3962 5001101000
426 3909 491 3963 offas
518 3921 542 3963 α
680 3915 740 3968 ssi
764 3917 839 3985 quib;
867 3918 892 3967 P
913 3934 984 3973 corr.
1003 3917 1120 3982 fortasse
1147 3935 1181 3970 eac
1209 3915 1268 3984 quis

271 3991 381 4043 procnes
399 3987 423 4031 α
440 3994 567 4048 progenes
582 3983 607 4034 P
