2804 4442
549 214 643 266 LIBER
661 216 670 266 l
705 214 837 268 SATVRA
855 216 884 267 lll

179 385 418 464 discipulumque
440 404 533 446 senex
555 387 619 465 ripa
642 388 771 447 nutritus
794 389 825 448 in
848 388 905 459 illa,

179 472 214 531 ad
239 489 327 550 quam
351 470 502 548 Gorgonei
525 472 643 568 delapsa
667 480 712 532 est
733 473 826 551 pinna
849 471 961 534 caballi.

178 574 240 615 non
265 565 310 616 est
331 556 465 616 Romano
489 557 626 634 cuiquam
650 556 734 618 locus
755 557 812 629 hic,
835 556 887 618 ubi
909 568 1013 636 regnat
1210 515 1323 627 usti

179 640 364 737 Protogenes
386 641 492 719 aliquis
513 642 559 701 vel
582 641 717 720 Diphilus
739 653 789 703 aut
812 642 1020 739 Hermarchus,
1094 595 1252 718 fflffi

180 727 231 804 qui
253 727 350 804 gentis
371 726 440 786 vitio
465 744 627 804 numquam
650 727 778 813 partitur
799 728 935 800 amicum,

179 810 260 871 solus
280 809 379 871 babet.
409 828 477 870 nam
501 829 569 872 cum
592 801 722 871 facilem
729 805 877 872 stillarit'
865 832 895 872 ιιι
920 829 1020 873 aurem
1084 829 1087 834 ·

179 895 318 973 exiguum
341 895 378 955 de
402 904 524 956 naturae
546 897 718 974 patriaeque
739 916 865 967 veneno,

179 980 281 1040 limine
304 997 502 1053 summoveor,
525 981 680 1059 perierunt
702 990 836 1060 tempora
860 982 942 1060 longi
1320 981 1396 1033 s

178 1065 305 1139 servitii;
329 1083 476 1142 nusquam
499 1065 599 1125 minor
620 1075 665 1126 est
687 1066 798 1127 iactura
821 1067 946 1128 clientis.
1211 1074 1254 1124 125

222 1149 302 1227 quod
326 1168 417 1228 porro
441 1151 582 1223 officium,
606 1169 644 1210 ne
667 1150 754 1213 nobis
776 1151 918 1224 blandiar,
941 1160 991 1212 aut
1013 1152 1093 1229 quod

180 1234 319 1313 pauperis
342 1235 389 1295 hic
412 1232 560 1308 meritum,
584 1235 609 1296 si
632 1245 715 1297 curet
739 1246 827 1298 nocte
849 1245 966 1315 togatus

179 1336 312 1388 currere,
337 1337 404 1379 cum
427 1328 549 1398 praetor
571 1320 706 1380 lictorem
730 1322 861 1400 impellat
883 1330 912 1381 et
934 1323 977 1382 ire

179 1405 371 1482 praecipitem
395 1404 494 1465 iubeat
516 1405 628 1465 dudum
649 1405 836 1482 vigilantibus
859 1405 949 1476 orbis,

180 1508 218 1549 ne
241 1491 324 1568 prior
346 1489 486 1550 Albinam·
506 1497 536 1550 et
558 1488 683 1550 Modiam
707 1491 818 1568 collega
841 1488 968 1551 salutet?

179 1574 275 1634 divitis
296 1575 345 1634 hie
368 1592 453 1636 servo
477 1575 568 1636 cludit
590 1575 889 1653 latusl.ingenuorum

179 1655 273 1756 lilius]
298 1659 372 1718 alter
394 1660 474 1720 enim
498 1668 642 1737 quantum
665 1660 696 1720 in
719 1660 838 1739 legione
860 1660 974 1720 tribuni

178 1744 338 1820 acciprunt,
362 1743 453 1804 donat
476 1743 611 1804 Calvinae
633 1745 679 1804 vel
701 1745 846 1823 Catienae,

177 1836 212 1886 ut
234 1827 325 1887 semel
349 1836 400 1886 aut
422 1827 531 1888 iterum
553 1846 644 1906 super
665 1830 744 1888 illam
768 1830 890 1908 palpitet
898 1848 906 1904 ;
929 1837 958 1888 at
979 1835 1020 1899 tu,

179 1929 247 1971 cum
271 1911 325 1971 tibi
346 1912 442 1972 vestiti
466 1911 555 1972 iacies
577 1913 668 1973 scorti
690 1912 796 1991 placet,
819 1914 922 1972 haeres

180 2004 209 2055 et
233 1995 348 2056 dubitas
370 1996 427 2056 alta
450 1996 584 2057 Chionen
608 1997 755 2057 deducere
777 1996 857 2058 sella.

179 2201 237 2257 eius
265 2202 410 2275 perniciem
441 2219 501 2259 cum
533 2205 628 2259 ceteris
658 2202 834 2260 coniurasset.
863 2202 916 2259 hoc
949 2199 1115 2274 temporibus
1142 2197 1256 2256 Neronis

177 2285 278 2342 factum
302 2296 351 2342 est.
443 2289 499 2344 117
524 2289 596 2360 apud
619 2289 731 2343 Tarsum
753 2289 885 2344 civitatem
901 2286 1013 2355 Ciliciae,
1036 2302 1115 2359 quam
1131 2293 1257 2358 praeter-

177 2369 238 2425 lluit
265 2370 348 2426 amnis
372 2370 490 2445 Cydnus.
519 2371 595 2427 cuius
620 2371 696 2427 urbis
718 2380 758 2427 est
780 2373 905 2428 conditor
926 2372 1056 2434 Perseus,
1087 2372 1134 2443 qui
1157 2387 1256 2426 nomen

178 2454 277 2510 civitati
304 2472 336 2510 ex
364 2455 435 2512 lacto
459 2455 545 2524 dedit,
572 2455 633 2529 quie
656 2455 692 2511 ibi
714 2473 766 2511 una
790 2473 821 2512 ex
844 2454 970 2512 talaribus
992 2456 1081 2529 pinnis
1104 2455 1128 2510 ei
1151 2455 1257 2509 excidit.

181 2541 239 2598 118
264 2540 335 2612 apud
358 2541 461 2596 Tamen
482 2549 596 2615 propter
616 2540 743 2596 Perseum
766 2549 793 2597 et
811 2541 953 2614 Pegasum,
976 2539 1049 2612 qnod
1072 2540 1105 2594 de
1126 2539 1257 2609 sanguine

177 2624 301 2681 Medusae
324 2643 410 2700 equus
434 2633 512 2681 natus
534 2625 569 2681 sit
590 2626 717 2698 Pegasus.
808 2627 864 2682 121
883 2625 975 2681 Graeci
999 2623 1068 2680 enim
1090 2621 1140 2678 soli
1161 2621 1257 2678 volunt

177 2709 321 2765 maioribus
344 2711 419 2767 amici
442 2727 509 2775 esse,
533 2710 585 2767 hoc
608 2721 650 2766 est
664 2716 863 2786 μονοφιιεῖς.
954 2710 1013 2766 124
1027 2707 1111 2782 longi.
1129 2707 1256 2781 quicquid
1331 2751 1333 2756 ,

177 2805 239 2851 ante
262 2793 408 2852 obsecutus
431 2813 499 2851 sum.
589 2796 647 2853 125
671 2797 759 2852 minus
774 2812 905 2870 nusquam
922 2797 1046 2850 damnum
1062 2792 1144 2850 estin
1160 2792 1256 2849 cliente

177 2879 327 2952 perdendo.
349 2889 462 2954 propter
485 2880 614 2937 Graecum
638 2871 799 2937 excluditur.
889 2881 946 2937 127
971 2879 1046 2952 quid,
1069 2878 1166 2951 inquit,
1188 2895 1256 2950 pau-

177 2980 226 3035 per
254 2963 367 3037 amplius
396 2965 516 3022 facturus
546 2973 600 3029 est,
631 2961 692 3021 cum
720 2967 777 3038 ipse
806 2973 936 3038 patronus
958 2965 991 3018 ad
1013 2962 1126 3018 aliorum
1149 2962 1257 3018 festinet

178 3047 360 3121 obsequium?
451 3052 509 3107 123
533 3049 566 3105 ad
581 3066 650 3123 quos
667 3050 838 3122 heredipetae
853 3048 954 3104 volant.
1040 3046 1160 3120 quamvis
1174 3062 1256 3120 prae-

178 3141 222 3186 tor
252 3148 298 3188 eos
328 3143 496 3198 contemnat,
528 3134 640 3190 festinat·
657 3141 755 3188 tamen.
863 3132 910 3188 has
933 3130 1013 3188 orbas
1036 3139 1063 3187 et
1084 3130 1178 3187 divites
1200 3129 1257 3186 vult

178 3214 300 3290 intelligi.
391 3221 447 3276 131
473 3219 567 3275 autin
590 3216 705 3274 medium
728 3234 834 3273 servum
856 3217 938 3272 mittit
959 3217 1052 3272 autin
1075 3215 1180 3272 sinistra
1196 3232 1256 3271 am-

177 3300 262 3356 bulat.
364 3303 421 3360 132
446 3305 568 3375 cogitur,
592 3301 692 3376 inquit,
716 3303 848 3376 ingenuus
871 3319 981 3359 currere
1003 3318 1064 3357 curn
1086 3301 1186 3364 servis,
1210 3301 1257 3373 qul

178 3403 207 3442 se
237 3386 409 3443 facultatibus
438 3387 558 3443 vineunt.
583 3396 715 3461 quantum
736 3389 806 3444 enim
829 3387 931 3444 tribuni
951 3387 1041 3442 solent
1062 3385 1183 3457 accipere
1204 3384 1256 3439 sti-

177 3473 277 3544 pendii,
300 3480 405 3528 tantum
427 3471 497 3528 servi
518 3471 702 3528 meretricibus
725 3473 836 3528 donant.
927 3473 984 3529 133
1008 3471 1140 3542 praetoris
1162 3469 1256 3524 cuius-

179 3555 238 3611 dam
268 3574 362 3621 soror‚
392 3575 462 3631 quae
484 3575 513 3614 se
535 3556 632 3614 occidit
654 3565 789 3631 tamquam
809 3555 912 3612 infamis
934 3557 960 3610 in
983 3555 1066 3610 tratre
1087 3552 1255 3628 temporibus

182 3639 282 3696 Claudi.
372 3644 431 3701 136
455 3643 515 3699 inde
538 3641 657 3699 sellariae
680 3642 815 3698 dicuntur.
838 3642 928 3697 idest
950 3638 1054 3696 asella.
1070 3656 1150 3695 unam
1165 3656 1255 3695 mere-

266 3823 313 3872 11'1
333 3821 536 3890 discipulamque
554 3821 700 3873 Flhtterus
797 3823 845 3873 122
863 3819 938 3871 laeile
956 3822 1023 3884 Ppr.
1131 3821 1178 3871 121
1198 3833 1254 3869 cur·

179 3891 256 4006 ἷὲῐιιθξ
271 3888 447 4022 ppr130Nee
465 3892 534 3956 Ppr.
603 3897 648 3941 aut
664 3906 682 3955 p
765 3888 1048 3984 131seruiclauditp
1125 3888 1173 3937 133
1194 3885 1255 3936 cati-
