2792 4444
163 189 204 250 42
650 191 755 246 Parsa

162 366 302 430 Publius:
325 363 459 436 emeruit,
481 361 649 425 scabiosum
670 364 813 426 tesserula
836 365 883 426 lar

162 451 303 534 possidet.
348 449 406 509 heu
429 449 544 510 steriles
566 449 635 522 veri,
659 449 768 528 quibus
791 469 850 512 una
873 451 1021 523 Quiritem
1212 469 1243 520 75

163 538 277 616 vertigo
300 534 378 596 lacit.
422 533 471 594 hic
492 534 582 595 Dama
606 545 650 596 est
672 553 734 596 non
756 536 843 597 tresis
865 555 952 616 agaso

164 641 259 703 vappa
281 619 381 701 lippus
403 627 433 680 et
453 619 483 679 iu
508 619 592 680 tenui
614 619 763 700 farragine
786 622 926 683 mendax:

163 707 285 770 verterit
306 707 387 767 hunc
409 704 556 780 domiuus,
579 715 731 766 momento
752 705 882 770 turbinis
906 708 965 769 erit

166 794 283 855 llarcus
304 792 404 853 Dama.
441 807 545 869 papae.
583 789 682 850 Marco
704 790 871 871 spondente
893 811 1012 857 recusas

165 878 287 941 credere
309 885 344 936 tu
367 872 528 936 nummos?
550 873 651 936 Marco
672 875 728 937 sub
750 875 848 938 iudice
870 877 984 957 palles?

164 964 281 1026 Marcus
302 960 384 1032 dixit,
406 961 445 1021 ita
469 969 522 1020 ost.
560 960 690 1039 adsigna,
713 961 822 1035 Marce,
844 962 976 1026 tabellas.

164 1051 238 1110 baec
259 1065 340 1108 mera
363 1046 495 1118 libertas,
517 1045 574 1106 hoo
597 1045 684 1107 nobis
705 1046 793 1125 pillea
816 1046 939 1108 donant.

162 1127 213 1194 ‘an
237 1132 395 1212 quisquam
418 1139 463 1192 est
483 1129 558 1190 alius
579 1129 665 1204 liber,
688 1131 745 1192 nisi
766 1131 876 1193 ducere
898 1135 988 1195 vitam

166 1220 215 1281 cui
236 1219 306 1279 licet
327 1227 361 1278 ut
381 1212 490 1276 libuit?
512 1214 581 1276 licet
604 1224 636 1277 ut
657 1216 723 1277 volo
747 1216 859 1278 vivere:
883 1238 944 1280 non
968 1238 1034 1282 sum

165 1303 287 1365 liberior
308 1291 436 1364 Brutol'
460 1293 616 1362 ‘mendose
638 1292 765 1381 colligis’
791 1301 890 1382 inquit

167 1389 277 1451 stoicus
298 1388 347 1449 hio
369 1405 468 1447 aurern
492 1385 624 1447 mordaci
646 1385 724 1448 lotus
747 1396 832 1449 aceto

161 1467 232 1535 ‘hoc
255 1473 381 1552 reliqum
405 1471 528 1550 accipio,
548 1461 665 1533 “licet’'
691 1472 763 1534 illud
785 1482 815 1534 et
834 1465 893 1534 “ut
913 1463 1004 1534 volo'’
1030 1467 1118 1538 tolle.³

161 1552 302 1619 ‘vindicta
325 1567 481 1637 postquam
505 1573 589 1618 meus
611 1575 627 1618 a
649 1567 787 1637 praetore
813 1559 933 1633 recessi,

166 1662 219 1706 cur
241 1643 311 1704 mihi
335 1661 396 1703 non
419 1642 514 1713 liceat,
540 1641 625 1702 iussit
646 1643 855 1722 quodcumque
877 1645 1022 1717 voluntas,

166 1737 290 1808 excepto
313 1727 410 1805 siquid
433 1727 542 1790 Masuri
564 1725 682 1788 rubrica
704 1719 842 1790 vetavit‘l'
1209 1737 1239 1787 9ο

141 1897 220 1959 'uon
242 1908 331 1956 antem
350 1897 394 1956 illa
416 1915 496 1973 quam
519 1898 629 1956 Publius
654 1901 776 1965 emeruit,
806 1901 852 1975 qni
873 1918 923 1975 per
943 1909 1071 1958 tesseram
1092 1898 1243 1958 scabiosum

164 1985 205 2044 far
226 1984 354 2061 possidet,
377 1985 404 2042 id
426 1993 467 2041 est
488 1993 647 2059 corruptum
668 1996 695 2044 et
716 1994 796 2060 putre
817 1985 992 2044 frumentum.
1080 1983 1120 2046 76
1140 1985 1242 2061 vertigo

162 2071 234 2130 lacit.
263 2070 325 2145 quia
353 2070 479 2144 quotiens
507 2070 747 2138 manumittebant,
776 2088 824 2128 eos
850 2071 925 2146 alapa
954 2087 1096 2145 percussos
1124 2072 1241 2128 circuim-

163 2155 279 2231 agebant
306 2164 334 2212 et
360 2155 460 2211 liberos
488 2154 691 2214 confirmabant.
720 2156 792 2214 unde
818 2156 988 2214 manumissio
1012 2155 1089 2211 dicta.
1112 2171 1144 2212 ee
1167 2155 1243 2228 quod

162 2258 243 2298 manu
266 2240 440 2296 emitteretur.
538 2238 668 2307 Quiritem
690 2249 779 2298 autem
802 2241 971 2316 singulariter
992 2239 1100 2296 abusive
1122 2239 1186 2296 dixit
1208 2239 1243 2295 li-

163 2325 250 2382 centia
282 2325 396 2399 poetica.
430 2341 491 2381 nam
523 2325 593 2382 sicut
623 2334 700 2401 pater
732 2328 903 2401 conscriptus
928 2343 982 2383 noo
1006 2325 1112 2392 dicitur,
1135 2325 1170 2382 ita
1193 2340 1243 2382 nec

164 2410 293 2479 Quiritem
316 2410 404 2468 dicere
425 2427 579 2484 possumus.
646 2414 685 2470 76
708 2429 789 2486 agaso
805 2430 899 2470 servus
917 2412 1097 2469 iumentorum
1111 2410 1241 2468 minister.

250 2495 291 2554 82
312 2494 392 2571 pillea
414 2495 525 2552 donant.
570 2497 603 2553 de
625 2498 708 2554 servis
731 2498 777 2572 qui
798 2497 929 2555 beneficio
953 2496 1124 2554 dominorum
1144 2511 1242 2554 manu·

165 2581 348 2648 mittebantur,
371 2591 403 2638 ut
424 2580 548 2654 superius
570 2581 634 2638 dixit
650 2581 688 2656 [3,
710 2581 779 2656 105]
796 2577 840 2640 ‘at
860 2582 935 2639 illnm
957 2582 1075 2640 hesterni
1097 2581 1183 2656 capite
1197 2580 1241 2635 in·

163 2667 229 2724 duto
251 2667 359 2723 subiere
380 2659 516 2733 Quirites’.
615 2668 653 2727 83
676 2667 827 2742 propositio
850 2667 908 2724 talis
929 2676 971 2724 est
992 2667 1152 2742 syllogismi:
1176 2664 1242 2722 alins

163 2751 231 2808 liber
259 2767 314 2806 non
343 2759 398 2814 est,
428 2750 479 2806 nisi
505 2751 529 2806 si
555 2751 599 2807 oui
626 2751 689 2810 licet
710 2753 791 2810 vitam
812 2754 960 2810 seeundum
982 2752 1243 2809 suamvoluntatem

162 2835 323 2909 producere.
352 2836 499 2909 assumptio
529 2845 571 2892 est
596 2836 676 2894 haec:
706 2839 769 2895 mihi
796 2846 885 2894 autem
913 2838 977 2895 licet
1003 2837 1092 2894 vivere
1116 2846 1149 2894 ut
1169 2835 1240 2893 volo.

163 2919 259 2978 deinde
273 2919 388 2977 insertur
404 2921 557 2978 conclusio:
580 2939 640 2979 sum
656 2940 719 2996 ergo
735 2925 819 2980 Bruto
837 2923 957 2980 liberior.
979 2922 1139 2980 contradicit
1153 2930 1242 2978 autem

160 3005 328 3080 pbilosophis
350 3006 583 3081 propositionibus
604 3007 666 3066 linio
687 3009 796 3065 Persius
818 3009 909 3065 dicens
930 3007 1024 3064 salsam
1038 3023 1096 3064 esse
1110 3007 1167 3062 eius
1183 3005 1243 3062 col-

162 3091 313 3157 lectionem,
343 3092 418 3165 quod
440 3092 526 3150 omnis
549 3093 671 3166 quidem,
703 3095 747 3168 qui
769 3093 832 3149 vivit
853 3093 923 3150 sicut
943 3092 1014 3157 vult,
1037 3089 1105 3148 liber
1125 3089 1169 3155 sit,
1199 3090 1241 3146 bie

164 3185 254 3232 autem
275 3177 424 3233 secundum
446 3178 518 3251 quod
541 3179 569 3234 in
592 3181 775 3254 assumptione
796 3180 920 3253 superius
942 3177 1015 3242 dixit,
1039 3194 1094 3234 non
1108 3175 1245 3234 voluntati

163 3277 227 3318 suae
241 3261 358 3318 serviens
372 3261 452 3332 vivat,
476 3279 537 3318 cnm
551 3262 618 3319 vitiis
629 3263 680 3320 sibi
695 3263 892 3322 dominantibus
907 3263 1037 3320 trahatur.
1125 3263 1166 3321 88
1180 3261 1241 3318 vin-

102 3348 107 3358 '
163 3346 233 3404 dicta
259 3347 332 3422 virga
360 3355 401 3403 est
431 3364 484 3421 qua
511 3349 713 3406 manumittendi
735 3367 748 3405 a
771 3358 896 3423 praetore
925 3349 951 3405 in
981 3348 1067 3420 capite
1088 3347 1240 3423 pulsantur,

164 3432 225 3489 ideo
248 3434 317 3490 dicta
339 3433 414 3507 quod
436 3450 497 3490 eum
514 3433 629 3490 vindicat
650 3433 775 3491 libertati.
844 3437 882 3492 90
906 3433 949 3490 bio
971 3433 1103 3491 Masurius
1127 3431 1241 3490 Sabinus

247 3616 279 3665 tt
298 3613 345 3664 uiri
363 3617 387 3666 P
463 3617 494 3666 76
513 3613 587 3665 dama
606 3620 645 3666 est
664 3616 697 3666 P:
717 3613 837 3667 damasus
856 3623 880 3666 ct
959 3617 991 3665 tl
1011 3614 1095 3666 tenuit
1112 3611 1239 3677 terragine

162 3681 224 3746 Ppr.
310 3683 342 3734 ta
362 3683 469 3734 turbinis
488 3684 521 3733 P:
542 3683 665 3750 temporis
683 3689 731 3748 (tp
813 3684 845 3736 82
864 3684 912 3734 hec
930 3681 1004 3734 nobis
1024 3690 1047 3734 α
1124 3680 1245 3732 donntP

249 3750 282 3800 84
299 3748 376 3801 libuit
392 3758 455 3813 ,αρε
475 3751 557 3801 uoluit
570 3751 597 3803 P.
615 3768 632 3802 a
645 3751 751 3802 libendo
763 3751 998 3815 dietaputabotur
1010 3749 1240 3813 libertorumve.

162 3816 365 3882 insta't.13,1)
440 3818 488 3868 sim
505 3820 575 3884 Ppr.
663 3821 695 3871 85
714 3819 813 3870 Liberio
832 3821 899 3884 Ppr.
1008 3819 1039 3872 87
1059 3818 1113 3870 Hoc
1130 3816 1240 3883 reliqum

162 3886 194 3936 P:
213 3883 281 3936 llaec
299 3884 397 3951 reliqua
417 3892 440 3936 α
532 3885 591 3938 illut
609 3885 686 3938 detuo
705 3887 768 3939 tolle
786 3889 810 3938 P
824 3903 893 3940 corr.
909 3902 929 3952 p
1035 3889 1069 3940 90
1087 3885 1202 3951 Expecto
1220 3883 1245 3934 P

163 3967 268 4017 comp
337 3952 448 4004 mansuri
468 3960 491 4004 α
561 3954 660 4006 uetabit
678 3955 849 4006 Heinriolu'us
