2792 4444
619 141 751 196 sartan
769 143 793 196 V

166 332 234 375 cum
258 313 360 374 blandi
384 313 506 374 comites
527 322 649 392 totaque
672 313 786 393 inpune
809 315 925 376 Subura

166 398 302 479 permisit
324 398 467 477 sparsisse
491 398 593 459 oculos
616 399 672 459 iam
697 399 840 462 candidus
862 401 963 479 umbo,

166 502 294 562 cumque
316 484 373 544 iter
394 483 565 562 ambignum
588 492 683 546 estet
706 484 780 545 vitae
802 487 921 547 nescius
944 506 1028 547 error

167 569 286 630 deducit
306 569 438 649 trepidas
460 586 574 630 ramosa
597 569 629 630 in
653 569 781 648 compita
804 580 928 645 mentes,

167 673 214 716 me
235 653 289 715 tibi
313 653 466 734 supposui.
511 664 631 715 teneros
655 665 686 716 tu
709 654 835 735 suscipis
857 674 954 717 annos

166 739 329 812 Socratico,
353 738 494 812 tornare,
517 739 596 800 sinu.
614 735 709 800 'tunc'
726 739 826 801 fallere
849 741 953 803 sollers

166 825 298 904 adposita
321 823 449 906 intortos
472 823 604 885 extendit
625 825 727 904 regula
749 844 857 906 mqres,

167 921 196 970 et
216 909 362 989 premitur
384 909 500 970 ratione
523 909 638 971 animus
659 910 798 989 vincique
820 911 934 972 laborat

166 995 370 1079 artififfimque
392 1003 443 1055 tuo
466 993 546 1080 ducit
568 1013 624 1075 sup
647 996 754 1075 pollice
776 996 900 1092 vultpm.

166 1089 265 1140 tecum
288 1079 398 1140 etenim
420 1079 527 1158 longos
550 1081 672 1142 memini
695 1099 872 1142 consumere
894 1082 971 1143 soles

167 1172 196 1225 et
216 1173 314 1226 tecum
338 1165 447 1243 primas
470 1164 565 1243 epulis
587 1166 748 1246 decerpere
771 1175 884 1228 noctes.

168 1267 261 1312 unum
284 1269 360 1328 opus
382 1259 412 1310 et
434 1249 568 1328 requiem
592 1251 700 1329 pariter
722 1251 907 1330 disponimus
929 1250 1016 1312 ambo

167 1343 255 1413 atque
278 1334 444 1396 verecunda
467 1335 598 1396 laxamus
621 1336 697 1397 seria
719 1355 831 1397 mensa.
907 1405 912 1423 Ι

167 1439 227 1480 non
252 1420 388 1498 equidem
412 1421 468 1482 boc
488 1419 618 1496 dubites,
640 1421 796 1482 amborum
818 1419 938 1482 loedere
960 1428 1043 1482 certo

167 1505 338 1566 consentire
360 1505 423 1566 dies
445 1514 475 1566 et
496 1505 532 1565 ab
555 1524 617 1566 uno
640 1507 736 1568 sidere
758 1506 843 1568 duci:

167 1598 268 1652 nostra
289 1591 335 1650 vel
357 1591 471 1668 aequali
493 1590 649 1670 suspendit
669 1601 804 1671 tempora
827 1590 902 1652 libra

166 1673 256 1735 Parca
278 1685 367 1736 tenax
389 1675 459 1748 veri,
481 1694 533 1736 seu
557 1685 624 1736 nata
647 1678 782 1739 fidelibus
803 1676 876 1737 hora

251 1813 290 1869 32
314 1811 419 1868 Subura
441 1829 505 1886 pars
526 1812 601 1868 urbis
624 1811 838 1886 frequentissima
860 1821 888 1871 et
908 1813 1041 1870 illecebris
1063 1810 1150 1886 plena.

252 1897 290 1954 33
315 1895 442 1952 candidus
475 1895 557 1952 umbo
590 1897 800 1970 synecdochicos
833 1914 883 1971 pro
916 1908 989 1971 toga.
1023 1897 1140 1972 alioquin
1166 1896 1242 1952 etin

163 1987 300 2055 praetexta
322 1981 449 2038 candidus
470 1980 552 2037 umbo
576 1991 627 2039 est.
693 1985 732 2041 34
748 1983 898 2039 secundnm
911 1982 1079 2057 Pythagorae
1100 1982 1240 2044 rationem,

163 2065 209 2140 qni
230 2065 253 2121 Y
273 2065 379 2123 litterae
400 2066 512 2124 similem
534 2067 614 2124 vitam
636 2077 758 2124 nostram
780 2085 838 2124 esse
860 2065 972 2125 dicebat.
1075 2067 1114 2126 35
1138 2081 1242 2121 ramosa

163 2151 278 2225 compita
300 2151 364 2208 dicit
383 2152 476 2226 plures
498 2152 551 2208 vias
573 2152 704 2218 habentia,
728 2161 760 2210 nt
780 2152 807 2208 in
822 2161 960 2210 stemmate
973 2152 1040 2208 rami
1054 2151 1139 2226 sparsi
1154 2150 1243 2207 solent

162 2251 231 2292 esse.
340 2239 379 2294 36
402 2237 540 2293 ineuntem
561 2238 769 2294 adulescentiam
790 2255 875 2294 meam
897 2237 1040 2312 sapientiae
1062 2235 1240 2294 contubernio

162 2328 189 2376 et
217 2319 311 2375 morali
340 2321 452 2376 tuitione
482 2321 604 2394 suscipis.
634 2330 662 2378 et
686 2321 755 2378 bene
777 2323 814 2378 ait
835 2323 877 2378 bic
898 2323 1012 2396 suscipis
1032 2334 1145 2396 propter
1167 2321 1241 2396 qnod

161 2404 198 2461 ait
229 2403 370 2478 supposui.
480 2406 517 2462 37
543 2404 639 2460 sollers
671 2404 764 2461 fallere
796 2406 856 2462 ideo
879 2406 952 2470 dixit,
986 2405 1048 2479 qnia
1070 2423 1132 2463 cnm
1153 2405 1241 2462 stultis

162 2488 323 2562 obrepunt,
353 2489 487 2562 sapientes
520 2498 628 2563 oportet
659 2498 732 2547 recte
763 2506 929 2564 cognoscere
960 2498 991 2546 ut
1012 2490 1069 2563 ipsa
1091 2489 1240 2545 emendatio

162 2573 234 2631 lente
255 2590 286 2630 ac
307 2573 365 2631 sine
387 2582 522 2631 tormento
545 2575 600 2648 liat,
623 2592 656 2631 ne
678 2575 847 2648 asperitatem
869 2575 1005 2631 doctrinae
1027 2575 1055 2629 in
1076 2575 1141 2649 ipsis
1164 2573 1241 2629 rudi·

162 2659 258 2715 mentis
281 2675 336 2715 non
358 2659 506 2716 tolerantes
528 2660 697 2733 impatienter
719 2659 807 2716 lerant
828 2659 935 2733 corrigi.
1050 2662 1089 2718 40
1113 2658 1241 2716 artificem

163 2743 275 2806 vultum,
298 2761 348 2818 per
370 2753 455 2802 artem
478 2743 587 2810 tactum,
610 2745 759 2802 secundum
774 2745 938 2803 intellectum
953 2739 1158 2802 simulacrorum
1173 2760 1241 2819 qnae

162 2827 195 2885 ab
217 2827 362 2886 artificibus
383 2829 533 2902 linguntur.
615 2833 655 2890 46
678 2831 730 2886 hoc
752 2832 901 2888 secuudum
922 2830 1074 2904 astrologos
1097 2829 1170 2895 dicit,
1195 2829 1241 2904 qui

163 2913 254 2971 dicunt
277 2915 425 2971 nativitates
447 2915 586 2972 bominum
608 2916 634 2972 iu
658 2915 790 2988 sideribus
812 2924 946 2973 constare.
1033 2918 1070 2974 47
1095 2915 1123 2971 in
1138 2916 1242 2972 diversa

163 2998 280 3054 eiusdem
302 2999 385 3056 librae
406 2999 483 3059 lance
505 3000 622 3074 impositi
643 2999 753 3075 aequale
776 3017 885 3057 eramen
907 3000 1070 3057 habuerunt.
1173 2998 1242 3054 libra

162 3088 252 3138 autem
275 3083 406 3156 significat
426 3102 510 3142 unum
533 3102 564 3141 ex
586 3085 726 3142 duodecim
748 3085 841 3158 signis.
949 3083 1052 3160 aequali
1080 3081 1156 3157 libra,
1179 3084 1241 3158 quia

162 3182 303 3223 mensurae
334 3169 392 3226 vice
424 3170 546 3244 iungitur
578 3171 605 3226 in
638 3170 817 3244 aequinoctio.
849 3180 880 3227 ut
912 3169 1045 3245 Vergilius
1067 3169 1102 3245 [q.
1123 3168 1239 3243 1,208]

156 3245 241 3307 ‘libra
269 3251 312 3309 die
339 3255 480 3328 somnique
507 3273 585 3330 pares
614 3255 660 3311 ubi
681 3255 775 3312 iecerit
795 3250 895 3313 horas'.
1004 3256 1097 3311 boram
1119 3264 1238 3311 nostram

162 3335 258 3402 iatum,
290 3338 364 3411 quod
390 3341 487 3396 mutari
515 3340 614 3405 nescit,
644 3339 713 3398 libra
734 3341 881 3406 coniunxit,
990 3341 1030 3398 48
1053 3339 1115 3413 quia
1138 3346 1241 3394 tantum

246 3485 279 3538 33
302 3487 398 3550 sparsis
419 3486 443 3537 B
547 3489 579 3539 35
597 3486 699 3546 Didneit
723 3490 742 3552 ς
763 3486 886 3539 ‘Producit
910 3486 1022 3538 Seruius
1043 3484 1111 3536 Aen.
1132 3483 1172 3537 VI
1187 3483 1238 3536 136

247 3553 279 3604 36
297 3554 401 3619 seposui
421 3557 489 3624 um,
504 3569 553 3620 sup
572 3556 631 3626 pani
646 3545 729 3622 flbpil,
747 3555 869 3620 Fristrig.
889 3569 950 3605 cum
967 3553 1031 3604 aliia
1088 3553 1240 3630 suspicisl’

163 3619 215 3685 (pic
231 3624 261 3671 itt
279 3611 457 3686 ruffin-“31⁴
465 3571 572 3682 tiritt‘ttP
632 3627 664 3676 40
682 3617 1025 3690 transumunt-xm
1034 3621 1137 3673 memini
1156 3624 1196 3674 md
1215 3637 1238 3673 c.

164 3685 451 3768 PcficboltambumS
532 3690 704 3744 octodereu
775 3690 958 3758 ltequalisut
1028 3689 1237 3770 suspenditul’:

163 3756 671 3880 ttttttttittttttttttttt
689 3761 1095 3891 ttttttttttttttttt
1110 3756 1238 3876 illuit

161 3906 188 3940 sa
205 3893 366 3958 respondere
382 3891 449 3954 feeit
468 3896 624 3961 Propertius
642 3894 742 3957 11121,
760 3895 794 3948 25
864 3897 897 3948 43
916 3893 995 3946 Perea
1015 3901 1038 3945 α
1108 3907 1152 3944 ora
1171 3894 1194 3944 Ρ
