2792 4444
576 217 759 272 PRAEFATIO
1137 171 1143 182 ·
1175 217 1208 270 tx

136 402 217 454 recte
238 393 381 472 scriptum
397 400 476 454 extat
498 393 577 471 qnod
592 393 622 452 in
646 391 694 452 PS
715 410 784 453 casu
800 392 989 470 depravatum
1013 401 1065 452 est.
1110 392 1209 471 itaque

136 497 165 556 in
189 502 250 555 arte
273 497 373 556 critica
396 495 559 556 exercenda
582 495 757 568 etiamtum,
781 513 848 555 curn
871 504 930 555 tam
952 504 1052 573 aperta
1075 495 1208 574 interpo-

134 597 203 658 latio
225 608 355 679 grassata
377 606 422 659 est
445 607 474 658 et
495 597 630 658 codicum
653 596 768 657 indoles
791 608 878 676 atque
902 596 1039 676 cognatio
1062 606 1121 656 tam
1144 615 1209 657 cer·

136 703 172 763 tis
194 697 376 781 argumentis
404 701 585 780 deprehendi
615 707 729 779 potest,
760 717 846 779 quarn
876 700 905 760 in
936 699 1081 760 luvenalis
1102 700 1210 760 saturis

136 805 231 884 palam
248 814 301 879 est,
323 823 421 882 neque
437 821 521 866 casus
537 802 740 880 neglegendus
756 812 800 863 est
815 820 914 880 neque
936 803 1011 863 ratic
1028 803 1209 881 seponenda.

137 909 272 988 equidem
302 907 507 968 recensionem
537 906 606 966 olim
635 923 719 966 ame
748 905 912 967 institutam
941 905 1096 984 diligenter
1124 923 1210 965 reco-

137 1011 224 1092 gnovi
239 1019 269 1072 et
283 1009 464 1087 ubicumque
478 1009 543 1069 fieri
558 1008 655 1088 potuit
670 1007 832 1069 emendavi.
869 1008 994 1068 multum
1010 1007 1122 1081 abesse,
1138 1008 1208 1087 quin

137 1114 246 1192 ubique
268 1131 335 1173 vera
358 1123 463 1191 poetae
484 1129 590 1172 manus
612 1110 744 1172 restituta
767 1111 814 1184 sit,
844 1119 873 1170 ct
895 1110 1064 1188 gravissima
1086 1110 1209 1170 vulnera

137 1226 213 1277 tecta
236 1233 334 1294 neque
356 1224 456 1275 sanata
472 1213 568 1275 iacere
591 1211 673 1273 nullo
695 1213 783 1274 modo
800 1213 977 1291 negaverim.
1012 1214 1042 1273 in
1059 1213 1137 1274 varia
1152 1213 1210 1273 lec

138 1319 218 1379 tione
233 1317 421 1379 subnotanda
443 1317 482 1377 ita
501 1326 634 1378 versatus
657 1335 733 1390 sum,
756 1325 789 1375 ut
804 1324 929 1390 constet,
952 1315 1021 1394 quid
1044 1325 1149 1375 contra
1165 1314 1213 1375 PS

137 1431 166 1481 et
188 1439 246 1498 qua
269 1420 442 1481 auctoritate
457 1427 602 1480 mutatum
626 1417 673 1479 sit.
717 1419 824 1478 horum
840 1418 929 1496 igitur
950 1419 1044 1478 varias
1059 1417 1211 1496 lectiones,

137 1523 160 1584 si
182 1522 219 1583 ab
242 1521 478 1601 orthographicis
501 1519 677 1600 quibusdam
706 1528 735 1580 et
757 1518 924 1599 vulgaribus
946 1518 1134 1580 librariorum
1166 1539 1212 1579 cr-

137 1623 255 1686 rcribus
270 1624 449 1697 discesseris,
468 1624 537 1684 satis
553 1632 689 1684 accurate
703 1622 812 1687 rettuli.
845 1622 911 1682 talia
928 1621 1006 1682 enirn
1022 1640 1076 1682 suo
1092 1620 1212 1700 quidem

128 1726 202 1790 ,loco
226 1744 313 1804 quam
342 1725 560 1787 accuratissime
589 1724 764 1799 exhibenda,
792 1742 852 1803 quo
882 1724 918 1784 de
948 1723 1052 1783 tradita
1082 1723 1211 1784 lectione

91 1817 94 1824 ¹
138 1839 219 1891 certo
250 1838 367 1889 constet
396 1836 425 1888 et
452 1828 486 1888 ad
518 1845 736 1906 quamcumque
765 1826 966 1905 quaestionem
1001 1825 1211 1887 instituendam

138 1930 260 1992 materia
275 1939 376 2009 parata
391 1930 439 2004 sit,
462 1931 513 1990 scd
529 1948 590 1989 non
607 1947 725 2007 semper
739 1929 899 2007 repetenda
917 1947 980 1988 esse
995 1929 1082 1988 duco.
1119 1928 1212 1988 inter·

138 2034 253 2113 polatae
276 2031 461 2094 recensionis
483 2032 629 2110 integram
652 2030 780 2110 speciem
803 2040 1027 2110 repraesentare
1043 2030 1135 2104 nolui,
1159 2043 1222 2090 suo

138 2136 205 2196 loco
227 2135 387 2214 specimina
411 2135 553 2213 quaedam
576 2135 748 2213 apposuisse
770 2143 940 2194 contentus.

224 2237 313 2316 longe
334 2238 477 2298 incertior
505 2255 595 2314 quarn
624 2238 660 2297 de
690 2236 787 2297 verbis
809 2235 1000 2297 restituendis
1022 2235 1155 2314 quaestio
1176 2234 1214 2295 de

138 2337 272 2398 versibus
288 2339 396 2417 spuriis
410 2338 514 2398 oritur.
549 2348 577 2397 et
592 2338 687 2398 illatos
699 2357 762 2398 esse
778 2338 808 2398 in
825 2337 968 2399 luvenalis
983 2346 1097 2398 saturas
1111 2356 1214 2399 versus

140 2439 265 2518 abipso
291 2458 349 2498 non
374 2439 501 2518 scriptos
533 2457 637 2498 omnes
664 2438 720 2498 iarn
751 2440 953 2511 consentiunt,
981 2458 1082 2499 verum
1106 2438 1157 2499 ubi
1179 2441 1214 2500 ad

139 2541 274 2621 singulos
296 2560 397 2602 versus
425 2540 623 2602 aestimandos
650 2550 770 2601 ventum
800 2548 853 2614 est,
880 2541 1060 2602 dissentiunt
1081 2541 1213 2620 plerum-

141 2664 209 2724 que.
254 2662 326 2706 sane
348 2663 458 2723 anceps
487 2642 522 2704 de
551 2643 657 2704 talibus
679 2643 821 2704 iudicium
844 2653 898 2717 est,
927 2643 1102 2723 praesertim
1125 2644 1154 2704 in
1179 2663 1214 2705 eo

140 2756 236 2827 poeta,
260 2748 310 2825 qui
332 2756 446 2807 certum
469 2746 603 2807 ordinem
626 2756 657 2806 et
678 2755 843 2806 accuratam
872 2746 1048 2825 disponendi
1071 2746 1216 2808 rationem

140 2850 306 2910 contemnit
328 2859 357 2909 et
378 2867 422 2922 oa,
445 2865 520 2926 quae
549 2848 669 2927 propria
692 2866 831 2909 romanae
858 2857 973 2909 saturae
996 2858 1050 2922 est,
1079 2848 1218 2910 libertate

57 3009 59 3016 Α
140 2970 310 3012 sermonem
332 2951 504 3012 familiarem
533 2962 615 3030 grata
646 2951 832 3030 neglegentia
860 2951 1005 3012 fundendi
1033 2951 1080 3010 vel
1102 2952 1216 3030 ingrata

141 3053 329 3133 neglegentia
350 3053 498 3126 abutitur-3
523 3063 585 3112 tum
607 3072 643 3114 ex
666 3053 813 3114 rhetorica
835 3053 990 3132 disciplina
1014 3052 1132 3131 loquax,
1161 3055 1212 3116 ubi

142 3163 345 3235 opportunum
367 3156 467 3216 locum
483 3165 588 3216 nactus
609 3173 673 3217 esse
688 3155 744 3216 sibi
760 3155 883 3229 videtur,
905 3157 994 3216 finem
1010 3156 1216 3218 accumulandi

142 3275 205 3317 non
222 3256 350 3333 invenit;
373 3257 502 3335 denique
517 3257 568 3335 qui
583 3233 746 3318 senteniias
767 3265 875 3336 captat.
914 3275 974 3317 non
993 3258 1099 3317 mirum
1116 3259 1215 3338 igitur,

141 3359 166 3420 si
189 3358 226 3419 de
249 3356 423 3437 quibusdam
438 3358 512 3420 locis
535 3359 778 3438 quotiescumque
793 3359 961 3421 accedimus
982 3361 1126 3420 diversam
1148 3379 1216 3420 sen·

142 3461 265 3522 tentiam
287 3462 420 3522 serimus.
465 3479 522 3540 qua
545 3480 578 3522 re
606 3462 717 3522 lactum
737 3471 791 3534 cst,
819 3472 852 3521 ut
879 3463 936 3522 iam
967 3461 1056 3540 paulo
1086 3462 1216 3523 severius

143 3581 231 3641 quam
248 3574 334 3625 antea
349 3582 451 3624 versus
465 3563 610 3626 insiticios
625 3563 909 3628 circumscriberem.
942 3582 1119 3642 quamquam
1136 3565 1215 3625 volui

143 3666 280 3744 equidem
304 3665 378 3726 nibil
402 3685 541 3745 umquam
569 3667 635 3727 ideo
665 3667 813 3739 damnare,
843 3667 923 3744 quod
952 3666 1080 3727 libenter
1106 3684 1216 3740 careas,

143 3768 232 3845 quod·
255 3777 362 3846 poetae
394 3767 533 3829 iudicium
568 3778 598 3828 et
630 3786 751 3829 sensum
780 3768 831 3846 qui
864 3768 930 3828 talia
964 3766 1106 3829 addiderit
1141 3768 1217 3829 vitu·

132 3867 309 3947 -perandum
339 3887 476 3943 censeas,
510 3870 561 3931 sed
596 3887 629 3929 ea
662 3879 777 3930 tantum
805 3869 904 3948 spuria
933 3867 1072 3940 iudicavi,
1103 3887 1216 3947 qnaea

145 3978 241 4048 poeta,
265 3971 354 4032 modo
377 3979 459 4032 recte
474 3971 654 4052 cogitaverit,
678 3970 865 4031 nullomodo
888 3969 976 4030 scribi
1000 3988 1087 4049 posse
1110 3971 1219 4049 putavi.
