2792 4444
529 193 624 245 LIBER
641 193 651 244 l
687 193 819 246 SATVRA
836 195 856 246 ll

153 368 268 445 inputo,
293 367 343 445 qui
365 365 447 426 vultu
470 365 608 426 morbum
630 366 809 444 incessuque
830 367 946 427 latetur.

152 453 260 513 horum
283 451 455 531 simplicitas
478 450 662 524 miserabilis,
685 449 732 512 his
753 451 838 512 furor
859 452 923 531 ipse

153 538 203 597 dat
222 536 353 613 veniam;
377 536 428 596 scd
451 536 578 615 peiores,
601 535 652 614 qui
675 535 742 596 taba
765 536 864 596 verbis

153 621 289 682 Herculis
311 622 454 684 invadunt
476 630 505 682 et
527 623 563 682 de
585 622 692 681 virtute
715 621 806 682 locuti

155 707 273 767 clunem
297 707 417 784 agitant.
459 698 528 783 ‘ego
551 713 581 767 te
604 717 766 779 ceventem,
790 705 888 780 Sexte,
910 695 1071 767 vereborl'

154 791 271 853 inlamis
292 791 419 852 Varillus
441 791 481 851 ait
499 784 572 869 ‘quo
595 790 725 851 deterior
747 789 797 851 tel

156 876 317 956 loripedem
340 885 441 937 rectus
463 875 604 949 derideat,
626 876 802 954 Aethiopem
826 875 919 937 albus.

154 961 221 1040 quis
242 961 345 1022 tulerit
366 961 516 1022 Gracchos
537 961 574 1021 de
596 960 741 1021 seditione
765 959 946 1040 querentes?

155 1046 221 1124 quis
244 1047 358 1107 caelum
380 1046 469 1107 terris
491 1065 552 1107 non
575 1046 698 1106 misceat
719 1055 749 1106 et
770 1065 851 1107 mare
873 1047 965 1120 caelo,

155 1130 179 1192 si
201 1131 251 1190 fur
273 1131 426 1210 displiceat
448 1131 541 1204 Verri,
565 1131 713 1191 homicida
735 1131 846 1205 Miloni,

155 1214 274 1276 Clodius
296 1225 415 1277 accuset
437 1217 586 1290 moechos,
610 1215 733 1276 Catilina
756 1217 927 1296 Cethegum,

144 1300 186 1360 in
210 1299 339 1362 tabulam
362 1301 460 1361 Sullae
483 1302 508 1362 si
531 1301 630 1362 dicant
652 1301 787 1380 discipuli
810 1291 906 1362 tres‘l'

156 1385 249 1463 qualis
272 1393 334 1445 erat
356 1405 454 1465 nuper
475 1387 588 1465 tragico
611 1385 742 1464 pollutus
764 1386 880 1447 adulter

155 1470 326 1546 concubitu,
350 1471 400 1550 qui
422 1479 495 1532 tunc
518 1473 598 1551 leges
620 1471 776 1532 revocabat
798 1489 911 1531 amaras

157 1555 295 1617 omnibus
317 1564 406 1635 atque
429 1557 500 1636 ipsis
521 1556 630 1617 Veneri
653 1556 797 1635 Martique
819 1555 975 1630 timendae,

157 1658 225 1700 cum
247 1648 292 1700 tot
313 1640 454 1702 abortivis
476 1642 633 1703 secundam
656 1641 729 1702 lulia
752 1643 864 1702 vulvam

155 1725 283 1786 solveret
305 1734 334 1786 et
356 1733 463 1805 patruo
486 1727 596 1787 similes
619 1727 785 1787 effunderet
807 1727 889 1788 offas.

157 1828 260 1870 nonne
284 1810 373 1887 igitur
396 1811 461 1870 iure
483 1829 517 1870 ac
539 1811 645 1870 merito
668 1812 735 1872 vitia
758 1812 860 1872 ultima
882 1813 967 1870 tictos

1 1903 2 1922 ²
85 1929 87 1934 ,
159 1901 360 1954 contemnunt
382 1895 510 1956 Scauros
533 1904 562 1954 et
584 1895 723 1972 castigata
746 1893 939 1956 remordenti

201 1996 261 2038 non
285 1979 352 2039 tulit
374 1998 410 2039 ex
433 1979 489 2040 illis
511 1987 627 2041 torvum
651 1979 776 2040 Laronia
800 1980 947 2057 quendam

158 2062 333 2124 clamantem
356 2065 467 2126 totiens
486 2057 551 2125 ‘ubi
574 2083 656 2124 nunc
678 2065 725 2125 lex
747 2063 842 2126 lulia‘l
865 2052 1011 2124 dormisl'

159 2155 248 2226 atque
271 2149 309 2209 ita
332 2149 507 2211 subridens:
528 2145 637 2211 ‘felicia
659 2161 805 2229 tempora,
828 2168 904 2228 quae
926 2160 956 2209 te

158 2233 291 2296 moribus
313 2244 482 2315 opponunt.
527 2234 634 2296 babeat
656 2236 712 2296 iam
736 2236 829 2296 lloma
852 2234 1007 2314 pudorem,

159 2319 263 2380 tertius
285 2338 301 2379 e
323 2321 404 2380 caelo
428 2320 534 2380 cecidit
556 2320 636 2380 Cato.
681 2320 733 2382 sed
754 2330 851 2381 tamen
875 2319 956 2380 unde
1202 2325 1232 2376 4⁰

245 2475 282 2530 21
307 2472 464 2530 inclinatum
487 2474 519 2529 ad
542 2481 668 2546 stuprum
690 2481 717 2529 et
744 2473 929 2530 sustinentem.
1061 2473 1097 2529 27
1124 2473 1232 2528 Clodius

159 2559 188 2614 C.
211 2558 329 2614 Caesaris
350 2576 463 2615 uxorem
486 2558 646 2615 adulteravit
668 2566 695 2615 et
715 2557 779 2615 licet
802 2559 937 2615 Ciceronis
960 2556 1112 2613 testimonio
1136 2573 1233 2630 grava-

158 2643 274 2709 tussit,
301 2652 388 2701 tamen
411 2643 550 2701 absolutus
574 2653 624 2700 est.
754 2643 861 2700 Clodius
885 2653 911 2700 et
933 2643 1055 2699 Clodium
1077 2639 1232 2698 accusabit?

158 2729 204 2802 qni
227 2737 254 2784 et
275 2729 301 2784 in
325 2730 424 2804 templo
447 2729 534 2786 bonae
557 2730 619 2786 deae
643 2730 760 2786 Caesaris
783 2729 940 2786 adulteravit
961 2744 1083 2784 uxorem.

244 2815 283 2873 28
300 2817 524 2889 proscriptorum.
602 2815 697 2871 Caesar
710 2815 854 2889 Pompeius
870 2823 896 2871 et
912 2816 1021 2871 Crassus
1036 2812 1078 2870 vel
1093 2816 1232 2888 Augustus

158 2898 272 2972 Lepidus
296 2901 438 2957 Antonius.
491 2939 496 2948 ·
576 2901 614 2960 29
640 2900 779 2957 Claudium
802 2901 938 2957 Caesarem
965 2900 1042 2963 dicit,
1073 2900 1119 2972 qui
1147 2899 1232 2956 occisa

158 2982 297 3040 Messalina
318 3002 404 3042 uxore
426 2985 632 3060 impudicissime
649 2985 823 3058 Agrippinam
846 2985 935 3040 fratris
951 2984 1100 3040 Germanici
1121 2992 1233 3040 matrem

158 3067 272 3123 Neronis
293 3079 447 3126 revocatam
468 3070 501 3126 ab
522 3070 610 3126 insula
631 3070 658 3124 in
681 3070 879 3125 matrimonium
902 3069 1005 3141 acecpit
1026 3084 1154 3124 concesso
1176 3067 1234 3125 iure

160 3152 253 3207 talium
274 3154 429 3227 nuptiarum
453 3173 484 3211 ex
506 3155 554 3211 SC.
578 3171 659 3228 quam
680 3154 744 3210 dicit
765 3154 843 3210 etiam
866 3153 1022 3227 frequenter
1043 3151 1168 3209 abortum
1189 3153 1233 3210 fe-

160 3236 236 3302 cisse,
260 3254 294 3293 ue
317 3256 348 3294 er
370 3240 428 3312 ipso
452 3240 611 3296 coheredem
632 3239 732 3295 Neroni
759 3239 813 3295 filio
836 3247 957 3313 pareret,
988 3239 1030 3294 oui
1052 3238 1096 3294 illa
1119 3255 1231 3312 praepa·

158 3323 227 3378 ravit
249 3322 399 3397 imperium.
529 3322 692 3380 Domitianus
714 3323 803 3380 fratris
833 3324 911 3380 filiam
934 3323 1026 3381 Iuliam
1053 3324 1080 3378 in
1102 3322 1233 3378 adulterio

159 3416 311 3482 sumpserat
333 3410 468 3473 maritam,
499 3425 560 3464 cunr
588 3409 646 3481 ipse
667 3409 700 3465 de
722 3409 848 3466 adulteris
869 3409 943 3483 leges
965 3407 1143 3464 severissimas
1165 3424 1233 3480 pro-

159 3492 300 3567 mulgaret.
389 3495 428 3553 32
451 3494 517 3550 haec
539 3493 679 3568 potionem
699 3495 831 3568 accipiens
849 3494 975 3551 abortum
989 3490 1109 3558 iaciebat,
1134 3493 1233 3566 quippe

162 3592 228 3647 quae
250 3596 299 3651 per
321 3579 480 3637 adulterium
504 3577 680 3652 concipiebat.
779 3583 816 3638 35
841 3581 903 3654 quia
924 3577 1093 3634 severitatem
1115 3577 1233 3634 Scauro-

161 3677 221 3716 rum
243 3663 376 3721 simulant.
465 3669 504 3723 40
528 3664 606 3721 multi
627 3663 738 3721 inerunt
754 3665 876 3731 Catones,
901 3681 916 3720 e
938 3662 1034 3737 quibus
1051 3663 1104 3719 duo
1120 3661 1234 3720 nobilis-

249 3812 279 3860 tv
299 3811 397 3866 uultum
416 3813 482 3878 Ppr.
558 3813 589 3864 2ss
607 3811 690 3864 uerri*
710 3813 734 3862 P
818 3814 849 3864 30
868 3811 1007 3862 reuocabat
1024 3811 1048 3860 P
1063 3816 1117 3862 tom
1135 3811 1234 3861 adrosa

162 3873 301 3936 bsactum
319 3886 385 3930 -arat
455 3881 486 3934 31
505 3879 555 3947 ipsi
569 3895 589 3945 p
661 3881 694 3932 34
712 3879 802 3932 ultima
820 3881 945 3931 inlitora
964 3881 1085 3930 totuml’
1152 3881 1183 3930 38
1196 3877 1234 3929 Ad

161 3958 236 4011 quem
256 3949 276 4009 ς
