2792 4444
632 159 767 214 servite
783 161 795 214 1

172 334 323 396 dictarunt
344 331 509 415 proceres?
531 354 592 396 non
616 334 759 415 quidquid
781 334 910 413 denique
932 334 1016 396 lectis

173 419 314 482 scribitur
335 419 365 481 in
389 417 512 481 citreis?
535 419 661 481 calidum
683 420 742 482 scis
763 438 876 499 ponere
898 439 1013 495 sumen,

172 505 230 566 scis
253 505 391 566 comitem
412 505 597 567 horridulum
618 506 687 566 trita
709 505 820 566 donare
843 504 972 580 lacerna,

172 599 201 651 et
219 582 346 652 ‘verum'
369 589 468 669 inquis
486 582 576 664 ‘amo‚
600 609 701 651 verum
723 590 794 651 mihi
817 589 904 650 dicite
926 592 962 651 de
984 581 1052 652 me'.
1217 600 1247 650 55

172 675 223 754 qui
246 673 338 756 pote?
359 676 403 737 ris
424 673 543 736 dicam?
566 677 695 756 nugaris,
718 693 785 736 cum
808 674 872 747 tibi,
895 676 984 749 calve,

172 761 292 840 pinguis
314 760 497 840 aqualiculus
518 778 669 841 propenso
692 761 868 841 sesquipede
890 769 978 822 extet.

171 863 189 906 o
212 846 292 920 lane,
315 865 331 907 a
354 855 438 926 tergo
462 863 550 924 quem
574 846 654 906 nulla
677 845 792 907 ciconia
814 845 915 924 pinsit,

172 949 229 993 nec
251 950 358 993 manus
379 932 526 992 auriculas
548 931 656 992 imitari
678 930 796 992 mobilis
819 929 907 999 albas,

172 1033 228 1076 nec
250 1015 369 1096 linguae
391 1025 534 1095 quantum
558 1016 636 1078 sitiat
657 1017 739 1077 canis
760 1015 854 1096 dpula
877 1023 984 1078 tantae.
1220 1027 1250 1077 to
1295 1053 1341 1115 [Α

171 1119 233 1173 vos,
257 1119 275 1162 o
298 1102 440 1182 patricius
461 1101 592 1180 sanguis,
615 1119 690 1180 quos
712 1103 807 1162 vivere
829 1102 872 1161 las
894 1111 939 1162 est
1173 1071 1320 1212 Wb‘i

172 1186 290 1267 occipiti
312 1205 410 1262 caeco,
433 1187 566 1290 pisticae
589 1187 737 1247 occurrite
760 1202 880 1284 sarr-snae.
1170 1171 1347 1319 'xysti

170 1358 310 1432 pristinam
339 1359 479 1416 sanitatem
507 1359 595 1416 redire
622 1359 737 1432 possint.
815 1358 915 1416 ebriam
944 1358 1023 1422 dixit,
1053 1356 1128 1430 quod
1155 1373 1250 1414 versus

171 1459 227 1501 non
248 1452 330 1508 stent,
354 1454 400 1502 aut
423 1445 496 1518 quod
518 1451 632 1519 propter
652 1443 791 1518 ingenium
815 1444 964 1501 elleborum
986 1441 1084 1499 biberit
1105 1449 1132 1498 et
1153 1458 1249 1515 quam

174 1546 255 1602 quam
278 1529 368 1586 ebrius
390 1530 485 1586 eodem
508 1538 596 1586 tamen
619 1528 683 1586 nihil
705 1527 853 1603 profecerit
874 1538 901 1586 et
923 1527 1042 1585 elleboro
1065 1535 1173 1600 sumpto
1188 1544 1250 1584 sae-

170 1614 231 1688 pius
254 1613 366 1688 perduoi
387 1631 442 1670 non
466 1615 553 1689 possit
575 1613 608 1670 ad
628 1615 778 1671 sanitatem.
866 1616 905 1673 53
922 1614 1018 1670 citrum
1032 1612 1158 1669 Romanis
1173 1621 1251 1670 antea

169 1699 318 1772 pretiosum
340 1699 487 1756 notabatur
510 1709 538 1756 et
559 1715 625 1756 auro
648 1699 868 1774 comparandum.
965 1708 1121 1755 senatorum
1143 1698 1251 1770 quidam

170 1783 307 1840 habebant
329 1786 448 1858 spondas
471 1784 565 1840 citreas
588 1801 648 1840 cera
670 1784 768 1848 illitas,
791 1785 818 1840 in
841 1784 938 1858 quibus
960 1782 1113 1840 scribebant
1135 1783 1251 1839 carmina

171 1883 241 1941 quae
268 1877 350 1926 nocte
375 1868 541 1942 cogitabant.
648 1868 717 1926 belle
745 1869 828 1942 igitur
859 1877 887 1926 et
915 1886 983 1941 euge
1005 1868 1150 1942 contigisse
1172 1885 1252 1941 saepe

170 1952 353 2027 locupletibus
383 1953 461 2020 dicit,
491 1954 537 2028 qui
566 1955 641 2011 crudi
669 1970 752 2027 super
781 1952 896 2010 lectulos
924 1954 1022 2010 citreos
1043 1955 1161 2010 iacentes
1183 1952 1252 2010 male

173 2037 905 2126 sfflmmmmmfflwmmwm
1014 2036 1252 2097 hanm

174 2124 295 2180 attritum
316 2126 406 2182 comiti
428 2126 593 2181 condonare.
680 2124 786 2181 lacerna
807 2124 918 2198 pallium
940 2122 1101 2180 fimbriatum
1117 2139 1171 2196 quo
1188 2122 1252 2179 olim

173 2208 225 2265 soli
245 2209 344 2267 milites
366 2208 530 2276 velabantur,
553 2208 667 2283 paenula
688 2218 777 2267 autem
800 2217 842 2266 est
862 2209 973 2285 pallium
989 2226 1050 2266 cum
1067 2207 1174 2264 fimbriis
1188 2207 1251 2264 lon·

174 2293 224 2365 gis.
333 2296 372 2351 56
395 2302 498 2350 tractus
527 2310 622 2350 sensus
652 2310 684 2350 ex
711 2311 927 2366 graecorum,
956 2312 1010 2369 quo
1033 2293 1198 2367 significatur
1220 2310 1253 2349 ex

174 2385 267 2434 ventre
290 2393 379 2434 crasso
402 2385 509 2434 tenuem
533 2394 641 2434 sensum
663 2394 720 2433 non
742 2379 815 2434 nasci
836 2372 966 2457 [γαστὴρ
992 2389 1106 2455 παχεῖα
1132 2371 1251 2440 λεπτὸν

174 2457 216 2523 oe'
237 2465 335 2524 τίκτει
357 2453 450 2539 νόον,
472 2461 574 2518 Nouclt
597 2469 671 2534 trop.
692 2462 729 2533 fr.
748 2479 781 2535 p.
802 2462 832 2518 X
836 2462 899 2536 V²].
992 2465 1031 2522 58
1054 2462 1133 2518 lanus
1155 2463 1252 2520 dicitur

161 2547 1252 2621 ·fflmmmmmmmmmmmmdawfflmmffli

174 2633 275 2690 ciconia
297 2633 369 2699 dixit,
393 2633 456 2708 quia
477 2649 572 2690 manus
593 2632 684 2690 solent
704 2631 822 2690 formare
849 2631 977 2690 inrisores
1005 2632 1107 2689 unitate
1135 2630 1252 2705 (collatis

173 2717 1253 2793 &mmmmwmmmmmmmfflfflmmm

172 2803 265 2860 rostri.
309 2803 400 2877 pinsit,
424 2803 528 2860 assidue
551 2803 697 2878 percussit,
727 2803 828 2860 dictum
856 2821 869 2860 a
898 2803 1055 2878 pistoribus.
1164 2806 1202 2862 59
1225 2803 1252 2858 id

173 2885 276 2944 iaciunt
297 2888 420 2963 apposito
444 2888 609 2963 temporibus
630 2888 729 2962 pollice
749 2888 882 2945 imitantes
910 2905 988 2946 aures
1015 2887 1082 2944 asini
1102 2887 1159 2944 aliis
1181 2888 1252 2962 digi-

174 2972 1252 3048 mmwmfflmstMMWfflmmmm

174 3056 285 3114 interior
307 3075 369 3132 pars
391 3057 495 3115 aurium
517 3057 587 3114 alba.
609 3067 640 3114 ut
660 3058 793 3133 populum
808 3075 918 3132 quoque
933 3059 1044 3116 dicimus
1058 3055 1152 3121 albam,
1177 3058 1252 3132 quod

175 3141 1071 3218 mmmmmffiwmwmwfflmmmw
1139 3143 1252 3200 ΜΝ

174 3235 240 3282 sunt
261 3243 358 3300 genera
380 3244 539 3293 sannarum,
568 3237 599 3284 ut
627 3245 708 3284 manu
736 3227 867 3302 significet
895 3228 1023 3286 ciconiam
1051 3236 1098 3284 aut
1118 3228 1251 3285 auriculas

173 3310 241 3368 asini
262 3321 308 3368 aut
329 3311 447 3384 linguam
470 3314 553 3370 canis.
661 3316 698 3372 61
723 3313 827 3388 antiqui
853 3313 890 3370 ita
917 3312 990 3371 iores
1019 3312 1181 3387 templorum
1208 3310 1251 3369 vel

173 3395 277 3452 aedium
300 3396 425 3453 dixemnt
446 3399 547 3455 anticas
569 3406 597 3455 et
624 3398 752 3473 posticas.
795 3399 915 3472 posticae
942 3416 1007 3472 ergo
1036 3413 1151 3460 sannae,
1182 3413 1251 3471 quae

172 3480 204 3538 lit
225 3498 240 3538 a
262 3482 406 3556 posteriori
428 3491 514 3557 parte.
580 3484 713 3557 posticum
730 3483 823 3556 dicunt
838 3484 943 3557 quidam
959 3484 1080 3540 Persium
1102 3499 1159 3539 non
1179 3481 1251 3540 hene

171 3564 269 3623 fecisse
292 3567 367 3642 qnod
389 3568 579 3641 paenultimam
607 3569 743 3642 produxit.
831 3584 913 3625 sanna
935 3568 1032 3625 dicitur
1054 3584 1085 3624 os
1108 3568 1250 3625 distortum

261 3715 292 3764 53
313 3715 394 3765 cereis
414 3721 437 3764 α
508 3718 541 3767 54
560 3716 618 3766 trito
639 3722 663 3766 α
716 3714 824 3766 laconna
845 3721 867 3764 α
947 3718 978 3767 57
997 3729 1125 3782 propenso
1144 3716 1175 3765 P:
1194 3729 1252 3781 pro-

174 3783 248 3831 tenso
269 3788 291 3831 α
310 3786 430 3848 protento
449 3785 607 3834 Priscianus
622 3800 649 3849 p.
669 3783 720 3835 251
868 3784 899 3835 58
919 3782 960 3834 uel
980 3785 1095 3848 pinxitp
1114 3781 1208 3848 pinosit
1226 3787 1250 3831 α

173 3839 338 3912 ‘ambiguum
356 3851 424 3915 pisat
441 3866 477 3901 an
495 3851 556 3918 pisit
575 3851 716 3916 legendum
733 3845 782 3900 sit’
803 3851 947 3902 Diomedes
966 3850 1040 3904 GLK.
1059 3852 1075 3901 I
1085 3867 1115 3916 p.
1132 3849 1183 3901 373

175 3917 208 3968 59
227 3916 323 3968 imitata
341 3923 381 3969 est
399 3925 445 3984 ap
515 3921 545 3971 61
566 3919 606 3970 ius
624 3923 664 3972 est
681 3921 705 3971 P
