2792 4444
177 206 218 264 64
539 233 544 248 ι
628 206 801 260 lVVENAldS

178 387 248 440 nota
272 379 363 457 magis
387 378 459 439 nulli
483 379 587 440 domus
610 391 654 441 est
676 396 737 452 sna,
761 397 849 457 quam
873 379 944 440 mihi
966 379 1052 442 lucus

178 463 278 525 Martis
300 473 330 524 et
351 463 459 524 Aeoliis
480 464 610 524 vicinum
633 463 758 543 rupibus
780 473 898 524 antrum

177 549 315 624 Vulcani;
339 549 409 628 quid
432 557 521 626 agant
542 549 631 622 venti,
655 567 727 628 quas
749 558 885 628 torqueat
906 549 1029 612 umbras

177 635 299 708 Aeacus,
323 635 403 695 unde
426 635 500 696 alius
521 635 645 695 furtivae
668 633 790 695 devehat
811 653 915 695 aurum
1077 670 1141 718 ff„

177 720 340 799 pelliculae,
364 728 490 798 quantas
511 719 655 780 iaculetur
677 719 841 799 Monychus
863 739 963 793 ornos,
1018 705 1061 753 ²⁴²*
1082 706 1095 724 '⁴

177 804 338 866 Frontonis
359 805 470 884 platani
494 806 692 884 convulsaque
716 822 863 865 marmora
885 797 1012 866 clamant

178 908 295 970 semper
317 898 346 950 et
368 890 489 951 adsiduo
514 900 618 970 ruptae
640 891 751 951 lectore
773 891 940 952 columnae.

178 985 317 1055 expectes
340 975 441 1035 eadem
464 993 480 1035 a
503 993 620 1036 summo
643 975 826 1054 minimoque
848 986 944 1056 poeta.

178 1070 208 1121 et
230 1079 285 1120 nos
308 1078 379 1138 ergo
402 1078 522 1120 manum
545 1061 656 1121 ferulae
677 1059 881 1134 subduximus,
908 1070 937 1122 et
959 1081 1015 1123 nos

178 1145 335 1206 consilium
357 1145 491 1206 dedimus
514 1145 620 1219 Sullae,
643 1146 773 1226 privatus
795 1155 828 1207 ut
850 1148 940 1208 altum

179 1230 330 1291 dormiret.
374 1229 462 1291 stulta
486 1239 531 1292 est
552 1231 717 1304 clementia,
741 1249 809 1292 cnm
832 1239 876 1292 tot
897 1231 1010 1310 ubique

178 1315 292 1376 vatibus
313 1333 464 1389 occurras,
487 1316 636 1395 periturae
659 1334 781 1396 parcere
804 1317 930 1377 chartae.

178 1409 352 1462 certamen
375 1400 432 1461 hoc
454 1401 553 1480 potius
576 1401 664 1462 libeat
686 1401 846 1463 decurrere
869 1420 985 1481 campo,

178 1503 232 1565 per
255 1505 342 1564 quem
366 1504 491 1565 magnus
514 1505 607 1565 equos
629 1487 786 1548 Auruncae
809 1487 889 1547 flexit
911 1487 1058 1563 alumnus,

178 1571 202 1632 si
225 1580 306 1632 vacat
327 1590 361 1632 ac
383 1571 489 1650 placidi
512 1572 657 1632 rationem
680 1572 840 1646 admittitis,
864 1572 957 1632 edam.

220 1673 289 1715 cum
312 1667 397 1716 tener
419 1674 541 1716 uxorem
564 1657 652 1717 ducat
673 1657 775 1736 spado,
799 1657 890 1718 Mevia
913 1657 1043 1719 Tuscum

178 1741 248 1820 ligat
270 1758 375 1820 aprum
397 1749 426 1800 et
449 1740 527 1801 nuda
548 1750 649 1802 teneat
671 1742 812 1803 venabula
834 1760 970 1816 mamma,

178 1825 317 1904 patricios
340 1826 437 1886 omnis
459 1826 566 1905 opibus
588 1845 656 1888 cum
680 1837 821 1907 provocet
842 1846 921 1888 unus

179 1929 238 1988 qno
260 1911 403 1971 tondente
426 1911 522 1990 gravis
544 1912 641 1973 iuveni
665 1913 735 1973 mihi
758 1913 847 1974 barba
870 1913 1003 1985 sonabat,

178 2014 246 2056 cum
268 2015 336 2075 pars
357 1996 486 2057 Niliacae
509 1998 613 2076 plebis,
636 2017 704 2058 cum
727 2016 816 2059 verna
840 1996 951 2076 Canopi

177 2081 330 2161 Crispinus
353 2081 454 2160 Tyrias
478 2101 581 2143 umero
605 2094 763 2143 revocante
786 2084 920 2144 lacernas

176 2168 297 2228 ventilet
319 2168 460 2227 aestivum
483 2166 581 2245 digitis
603 2168 776 2229 sudantibus
798 2185 904 2227 aurum

178 2270 233 2311 nec
255 2252 380 2312 sullerre
403 2259 491 2330 queat
513 2251 631 2314 maioris
654 2254 786 2332 pondera
809 2271 951 2332 gemmae,

177 2337 295 2397 difficile
317 2346 362 2397 est
383 2345 510 2397 saturam
535 2357 595 2398 non
618 2337 758 2399 scribere.
798 2355 864 2398 nam
889 2338 954 2416 quis
977 2337 1097 2416 iniquae
1221 2347 1250 2396 ³0

176 2430 235 2482 tam
258 2421 374 2502 patiens
396 2421 489 2495 urbis,
513 2433 572 2483 tam
595 2424 718 2496 lerneus,
741 2433 774 2484 ut
796 2430 894 2483 teneat
915 2442 956 2496 se,

264 2599 280 2652 7
304 2595 395 2652 lucum
418 2596 507 2652 blartis
530 2596 593 2652 dicit
615 2595 662 2669 qui
684 2596 783 2650 Romae
804 2603 845 2652 est
866 2595 894 2651 in
917 2595 1017 2669 Appia,
1047 2594 1151 2665 inquo
1174 2591 1250 2646 sole-

175 2680 241 2737 bant
262 2681 375 2736 recitare
397 2690 502 2755 poetae.
540 2689 587 2736 aut
607 2678 683 2735 illum
705 2679 752 2752 qui
775 2681 846 2754 apud
869 2679 982 2736 Colchos
1004 2686 1054 2742 est,
1076 2677 1105 2732 in
1129 2692 1183 2751 quo
1198 2676 1250 2732 luit

176 2764 253 2839 pellis
275 2779 364 2819 aurea.
402 2772 449 2820 aut
470 2764 496 2819 in
519 2782 573 2839 quo
596 2763 640 2819 llia
663 2765 778 2838 peperit.
905 2766 940 2822 12
963 2763 1118 2820 Frontonis.
1141 2765 1168 2818 in
1191 2762 1249 2819 llo-

178 2848 277 2905 ratiana
300 2848 396 2917 domo,
420 2848 447 2904 in
471 2865 523 2923 qua
546 2859 641 2924 poetae
664 2849 821 2907 recitabant.
952 2851 991 2908 20
1011 2839 1166 2906 tlmeillium
1188 2848 1252 2904 dicit

176 2943 208 2990 ut
229 2933 264 2989 sit
286 2934 413 2991 Aurunca
435 2951 486 3008 pro
509 2935 582 2993 ltalia
604 2934 813 3010 synecdochicos
836 2936 931 3011 posita.
961 2936 1003 2992 vel
1025 2944 1057 2993 ut
1077 2933 1182 2991 Probus
1206 2951 1250 2990 ex·

175 3018 262 3094 ponit,
286 3019 406 3076 'lurnum
429 3020 492 3078 dicit
506 3020 599 3078 Scaeri
613 3021 738 3078 Memoris
761 3021 854 3096 tragici
874 3030 971 3095 poetae
992 3021 1110 3078 fratrem.
1145 3020 1251 3076 'lurnns

175 3105 220 3161 hic
240 3105 359 3163 libertini
381 3106 487 3180 generis
516 3108 548 3163 ad
569 3107 687 3165 honores
709 3106 853 3163 ambitione
875 3115 1021 3180 provectus
1043 3116 1085 3164 est
1105 3113 1203 3181 potens
1224 3105 1251 3158 in

177 3189 237 3246 aula
259 3189 483 3264 Vespasianornm
505 3192 555 3248 Titi
578 3202 605 3250 et
625 3190 775 3249 Domitiani.
798 3192 839 3248 vel
852 3191 963 3248 lenium
977 3191 1123 3266 [Lenaeum
1141 3190 1253 3247 Casca-

178 3274 279 3350 boaur]
302 3275 381 3339 dicit,
405 3277 451 3350 qui
473 3279 578 3351 etipse
600 3279 694 3334 satiras
717 3278 834 3352 scripsit.
871 3276 913 3332 vel
935 3277 1029 3334 Silium
1052 3287 1080 3335 et
1101 3278 1188 3350 ipsum
1211 3277 1252 3331 sui

177 3362 305 3436 temporis
328 3361 473 3418 satiricum.
496 3363 543 3434 qui
558 3379 650 3419 omnes
673 3373 705 3419 nt
720 3362 824 3419 Probus
845 3360 975 3419 refertor
990 3365 1117 3419 Aurunca
1132 3354 1253 3417 luerunt'

181 3446 272 3504 Valla.
396 3450 435 3507 26
459 3465 520 3505 cum
541 3464 613 3522 pars.
635 3447 750 3504 Niliacus
772 3465 843 3505 nnus
865 3449 898 3505 de
920 3446 1076 3504 consulibus
1097 3445 1200 3501 liciniae
1222 3459 1253 3500 ae

179 3530 211 3586 de
232 3533 313 3606 plebe
336 3533 450 3609 Aegypti
473 3533 538 3598 luit,
568 3550 723 3607 magnarum
743 3535 843 3591 Romae
864 3541 957 3608 postea
984 3531 1151 3588 facultatum.

265 3617 388 3692 Canopus
411 3619 537 3694 oppidum
562 3620 675 3695 Aegypti
697 3620 796 3676 dictum
819 3637 833 3676 a
855 3618 1037 3692 gubernatore
1059 3615 1182 3681 blenelai,
1207 3615 1254 3690 qui

178 3698 275 3756 ibidem
297 3718 390 3759 morsu
412 3706 545 3778 serpentis
567 3706 700 3762 extinctus
715 3713 765 3762 est.
896 3705 935 3762 28
958 3719 1008 3776 per
1029 3701 1160 3762 luxuriam
1183 3703 1253 3760 enim

178 3784 274 3842 anulos
296 3787 410 3845 aestivos
433 3798 460 3846 et
481 3790 605 3848 hiemales
627 3791 772 3849 invenerat.

264 3968 291 4018 at
314 3982 344 4018 ac
362 3967 405 4020 nel
423 3972 449 4019 et
467 3984 561 4034 margo
579 3972 603 4021 Ρ
704 3971 736 4022 25
754 3971 854 4022 iuuenis
874 3971 938 4038 Ppr.
