2792 4444
588 234 721 288 snrvtnt
738 235 770 288 lV

146 417 191 468 est
211 425 306 486 prope
327 415 358 468 te
379 407 499 486 ignotus
521 407 622 469 cubito
646 409 697 486 qui
719 417 821 486 tangat
842 419 871 468 et
893 428 961 470 acre

146 491 285 571 despuat:
305 485 350 552 ‘hi
372 511 481 567 mores,
505 511 673 572 penemque
696 511 863 572 arcanaque
885 477 978 557 lrimbi

145 585 323 637 runcantem
344 577 456 657 populo
479 577 638 639 marcentis
660 579 791 658 pandere
813 579 919 640 vulvas.

144 671 217 722 tunc
240 680 306 722 cum
331 663 455 723 maxillis
477 663 646 724 balanatum
668 682 798 742 gausape
820 672 930 742 pectas,

144 747 318 826 inguinibus
340 765 432 826 quare
455 747 597 809 detonsus
618 749 757 827 gurgulio
782 746 882 808 extat?

145 832 278 910 quinque
299 832 487 911 palaestritae
509 833 579 894 licet
600 833 673 893 haec
696 833 840 912 plantaria
861 833 973 894 vellant

145 917 294 994 elixasque
317 926 401 979 nates
423 917 602 978 labefactent
623 919 738 998 forcipe
761 918 885 991 adunca,

144 1021 205 1063 non
229 1010 327 1062 tanmn
351 1003 405 1064 ista
426 1002 497 1062 felix
519 1002 579 1062 ullo
602 1003 783 1065 mansuescit
805 993 931 1064 aratro'.

186 1086 336 1148 caedimus
358 1087 451 1166 inque
472 1088 565 1148 vicem
588 1087 767 1167 praebemus
789 1106 876 1149 crura
898 1088 1022 1169 sagittis.

142 1171 249 1248 vivitur
270 1172 328 1233 boc
350 1183 448 1252 pacto,
471 1171 514 1234 sic
537 1173 683 1235 novimus.
728 1173 775 1234 ilia
798 1173 919 1234 subter'

143 1275 264 1317 caecum
286 1257 394 1320 vulnus
408 1257 515 1332 babes,
538 1258 589 1318 sed
612 1259 670 1320 lato
694 1257 809 1319 balteus
831 1277 903 1319 auro

141 1341 296 1421 praelegit.
340 1351 374 1403 ut
395 1343 496 1417 mavis,
518 1343 553 1403 da
576 1343 664 1404 verba
688 1353 717 1404 et
739 1343 843 1422 decipe
866 1362 983 1418 nervos,

141 1427 166 1488 si
187 1435 281 1505 potes.
322 1419 491 1506 ‘egregium
513 1446 580 1488 cum
603 1447 651 1489 me
672 1429 777 1490 vicinia
801 1425 923 1502 dicat(

142 1530 202 1572 non
228 1503 380 1573 credam‘l'
405 1513 467 1574 viso
489 1511 514 1573 si
536 1513 637 1593 palles,
660 1513 797 1594 inprobe,
820 1532 953 1586 nummo,

142 1596 167 1656 si
188 1596 261 1657 lacis
282 1597 312 1658 in
335 1615 446 1677 penem
468 1597 612 1677 quidquid
635 1599 689 1659 tibi
710 1599 800 1672 venit,
824 1617 983 1660 amarum·

141 1680 165 1741 si
187 1682 288 1760 puteal
309 1683 403 1743 multa
425 1692 529 1744 cautus
551 1683 645 1745 vibice
667 1685 805 1763 flagellas,
867 1665 909 1704 s

226 1853 264 1911 35
282 1853 430 1909 notandum
445 1853 616 1926 singulariter
629 1852 723 1910 lumbi.
811 1857 849 1912 36
865 1855 973 1911 runcari
987 1854 1098 1928 proprie
1112 1855 1226 1926 segetes

136 1936 180 1994 vel
195 1935 294 1993 herbae
310 1937 446 2002 dicuntur,
465 1954 526 1994 cum
541 1938 717 2012 extirpantur.
754 1937 844 1994 vulvas
859 1955 924 1994 vero
938 1955 989 2012 pro
1005 1937 1111 1994 natibus
1125 1938 1218 2011 posuit

136 2019 225 2078 multo
240 2022 375 2086 audacius,
392 2039 453 2078 nam
468 2022 625 2080 seminarum
635 2022 693 2079 loca
705 2023 800 2080 vulvae
810 2032 882 2080 sunt.
949 2025 986 2080 37
1000 2021 1054 2078 boc
1064 2021 1140 2078 dicit:
1155 2038 1216 2078 cum

135 2105 247 2164 barbam
259 2109 359 2165 nutrias
368 2116 395 2164 et
405 2115 546 2183 unguento
557 2107 686 2164 madidam
699 2117 799 2183 pectas,
812 2123 895 2182 quare
905 2107 1015 2180 inguina
1026 2114 1072 2163 tua
1082 2105 1216 2180 psilothro

137 2189 278 2249 denudas‘i
355 2210 417 2250 cum
438 2211 506 2269 pexa
527 2192 610 2250 barba
633 2193 782 2259 delecteris,
806 2211 886 2269 quam
908 2193 935 2249 in
953 2191 1065 2249 maxillis
1080 2191 1218 2248 tuisvclnt

135 2293 254 2350 gausape
276 2277 373 2334 babeas
394 2288 589 2351 unguentatam
612 2288 641 2335 et
661 2279 814 2336 defricatam
836 2277 942 2343 balano,
966 2295 1016 2336 cur
1037 2277 1136 2352 pubem
1156 2275 1221 2335 vul-

134 2378 192 2418 sam
213 2359 320 2416 babcsi
445 2364 484 2420 38
508 2361 698 2436 gurgulionem
721 2380 794 2420 nunc
814 2379 911 2436 penem
933 2363 1005 2427 dicit,
1027 2379 1088 2419 cum
1110 2362 1220 2437 proprie

133 2447 164 2502 in
187 2453 298 2519 gutture
319 2445 354 2502 sit
375 2445 513 2519 gurgulio.
556 2446 619 2502 hinc
639 2447 736 2502 iterum
760 2447 945 2504 translationes
967 2455 1032 2502 sunt
1052 2447 1148 2503 fortes.

222 2528 262 2588 42
285 2529 411 2604 allegoria
431 2547 446 2587 a
468 2530 626 2604 sagittariis,
657 2531 702 2605 qui
730 2531 815 2588 aliena
843 2547 923 2586 crura
944 2530 1047 2602 sagittis
1069 2530 1170 2586 feriunt
1191 2535 1219 2586 et

134 2632 183 2671 sua
205 2615 324 2672 lerieuda
346 2615 404 2672 aliis
426 2615 566 2690 praebent.
632 2617 673 2673 44
695 2631 802 2673 caecum
826 2615 925 2672 vulnus
947 2611 1040 2670 habes.
1083 2613 1219 2687 agladiu-

132 2698 239 2757 toribus
267 2708 391 2766 tractum,
415 2702 463 2776 qui
488 2708 600 2775 accepto
629 2701 741 2758 vulnere
762 2702 885 2758 inaurato
907 2699 978 2758 idem
999 2697 1088 2756 balteo
1111 2708 1216 2772 tegunt.

133 2784 293 2859 allegoricos
327 2803 484 2861 expressum
517 2786 685 2843 intellectum
717 2787 750 2843 de
782 2782 984 2860 gladiatoribus.
1017 2801 1079 2842 nam
1108 2793 1135 2842 ct
1167 2801 1217 2842 nos

133 2869 229 2928 habitu
258 2879 286 2928 et
313 2870 441 2945 dignitate
467 2871 583 2945 tegimus
605 2871 674 2928 mala
696 2882 799 2936 nostra,
823 2888 885 2928 cum
906 2871 957 2945 ipsi
980 2870 1016 2926 eis
1039 2878 1217 2928 assentamur.

123 3026 130 3031 ,
220 2958 259 3014 49
281 2955 379 3014 vibices
403 2957 468 3014 dixit
489 2956 625 3014 cicatrices
647 2955 814 3029 allegoricos,
838 2956 912 3031 quod
933 2956 1115 3013 faeneratores
1138 2953 1217 3011 debi-

132 3031 239 3096 toribus
268 3041 324 3098 suis
353 3057 448 3098 usuras
470 3041 629 3099 innovantes
651 3049 785 3116 tamqnam
807 3041 949 3098 vulnerum
970 3041 999 3095 in
1020 3041 1058 3096 eis
1079 3039 1216 3096 cicatrices

129 3123 262 3197 aperiant.
312 3125 430 3201 dagellas
464 3127 528 3184 dinit
560 3125 663 3200 flagitas
699 3127 733 3182 ad
765 3125 923 3200 exigendum
952 3141 999 3182 eos
1033 3139 1214 3181 commovens.

129 3208 313 3268 faeneratores
336 3212 369 3270 ad
391 3211 483 3286 puteal
506 3211 637 3268 Scribonii
660 3208 778 3276 Libonis,
809 3211 883 3286 quod
905 3220 947 3266 est
969 3209 997 3265 in
1019 3209 1127 3283 porticu
1148 3208 1215 3266 lulia

130 3294 165 3352 ad
188 3292 332 3352 Fabianum
355 3313 456 3369 arcum,
484 3297 631 3356 consistere
654 3294 787 3353 solebant.
894 3295 978 3351 multa
1007 3295 1102 3352 vibice.
1123 3294 1150 3350 id
1174 3303 1215 3350 est

128 3378 215 3436 multa
238 3388 265 3438 ct
286 3382 360 3454 gravi
382 3397 473 3446 usura,
504 3381 635 3456 siquidem
657 3389 689 3438 ut
709 3380 817 3448 vibices,
844 3379 896 3436 boc
919 3390 960 3437 est
980 3379 1120 3453 plagarum
1142 3377 1214 3434 cica-

129 3464 221 3531 trices,
254 3464 357 3524 laciunt
383 3466 506 3524 homines
535 3466 686 3532 recordari,
719 3467 754 3523 ita
785 3481 882 3523 usurae
913 3465 1038 3521 damnum
1060 3459 1214 3537 patrimonii

217 3647 252 3697 34
270 3646 353 3711 tangit
366 3654 390 3698 α
407 3653 433 3716 tq
446 3661 494 3699 con
513 3652 576 3700 ante
589 3650 678 3713 tangat
689 3663 771 3713 cuper
782 3645 890 3728 eddidit
902 3661 923 3711 p
993 3646 1025 3697 35
1044 3643 1080 3708 lli]
1093 3659 1108 3695 o
1120 3659 1213 3710 super·

123 3729 217 3834 liti
227 3791 251 3834 a
323 3714 528 3850 ballol?
576 3786 608 3836 40
627 3716 894 3850 liiliffllll
906 3711 1019 3847 iulii..
1042 3713 1213 3847 ...itit

215 3849 305 3903 lorlice
324 3857 348 3901 α
425 3853 457 3903 41
476 3850 531 3902 filix
550 3859 597 3918 ap
678 3853 712 3903 42
730 3849 919 3918 preplemusB
1001 3851 1035 3901 44
1052 3864 1064 3901 s
1081 3851 1111 3898 io
1130 3847 1210 3899 babes

125 3933 201 3971 corr.
219 3918 755 4160 fffiwa
840 3919 874 3969 46
898 3921 988 3985 potest
1006 3923 1030 3967 α
1099 3915 1165 3968 dicta
1186 3919 1210 3966 ot

215 3991 232 4040 4
267 4002 282 4039 a
477 3987 684 4039 sarisberiensis
753 3989 787 4040 49
804 3985 888 4039 uiuice
905 3987 930 4036 P

318 4121 499 4145 -..---······”
727 4066 1033 4190 &Num-„3”
1073 4129 1082 4154 ¹.
1171 4153 1176 4159 .
