2804 4442
502 228 624 280 LIBERI
659 228 791 280 SATVRA
809 230 839 282 lll
1037 247 1038 250 ’
1167 233 1207 290 93

135 420 203 462 nam
227 401 302 503 quid
320 420 397 482 agas,
422 418 489 461 cum
512 411 540 460 te
563 400 693 461 furiosus
715 409 801 502 cpgat
822 413 851 463 et
873 404 949 463 idem

135 479 291 548 lortior‘l‘
293 479 388 548 unde
410 478 540 546 venis?''
567 478 748 546 exclamat‘
753 486 838 548 cuius
860 498 953 561 aceto,
1037 502 1143 561 pane*
1179 449 1269 571 ,101

122 573 220 635 icuius
242 573 358 633 conche
379 568 497 632 tumes?
521 570 587 648 quis
608 578 707 630 tecum
730 572 830 632 sectile
852 591 976 664 porrum
1071 563 1179 644 151131

43 681 94 745 pta
120 667 220 719 ¹utor
241 661 276 716 et
294 657 361 717 elixi
383 655 514 716 vervecis
536 654 617 715 labra
640 648 790 717 comedit?
981 681 1015 726 ‚aa
1035 594 1108 722 pub

63 663 179 818 siluit
201 741 272 802 mibi
295 733 479 838 respondes?
502 749 553 799 aut
575 739 621 800 dic
644 751 696 801 aut
718 741 818 820 accipe
840 744 960 804 calcem.

136 827 190 886 ede
211 826 263 887 ubi
275 827 439 923 consistas,
463 825 492 885 in
519 835 627 903 quate
650 844 760 903 quaero
782 820 995 908 proseucha‘l”

137 911 281 972 dicere
258 931 281 972 sr
304 921 431 991 temptes
453 909 564 987 aliquid
585 910 728 971 tacitusve
750 913 879 988 recedas,

135 997 317 1058 tantumdem
342 1005 400 1056 est:
425 995 537 1054 feriunt
557 995 679 1073 pariter,
700 993 863 1057 vadimonia
885 999 991 1058 deinde

137 1081 202 1141 irati
226 1082 347 1158 iaciunt.
392 1080 514 1140 libertas
534 1081 676 1158 pauperis
697 1081 771 1141 baec
793 1091 850 1142 est:

137 1167 271 1244 pulsatus
291 1176 377 1244 rogat
399 1175 428 1226 et
450 1165 560 1243 pugnis
583 1165 720 1226 concisus
742 1167 844 1227 adorat

136 1261 170 1311 ut
191 1251 277 1312 liceat
298 1251 400 1330 paucis
423 1268 491 1310 cum
513 1249 653 1312 dentibus
674 1250 743 1311 inde
765 1252 881 1313 reverti.

138 1355 194 1397 nec
217 1347 314 1397 tamen
338 1338 411 1397 haec
433 1343 547 1396 tantum
572 1347 694 1395 metuas.
740 1355 808 1396 nam
832 1335 884 1415 qui
906 1337 1013 1416 spoliet
1035 1346 1064 1396 te
1196 1335 1216 1387 r*

138 1440 200 1481 non
223 1422 301 1482 derit
323 1420 430 1481 clausis
452 1418 598 1494 domibus,
621 1431 780 1498 postquam
802 1421 900 1481 omnis
921 1421 1033 1500 ubique
1089 1447 1120 1476 v

136 1507 192 1566 fixa
215 1515 367 1567 catenatae
389 1504 470 1566 siluit
458 1513 635 1601 tconjpago
657 1504 808 1566 tabernae.
1041 1501 1092 1557 1·ι

137 1591 340 1652 interdumt
310 1601 340 1652 et
361 1592 441 1650 ferro
464 1589 580 1651 subitus
602 1601 751 1668 grassator
774 1591 833 1668 agit
855 1608 934 1674 rem;
1035 1581 1050 1670 ¹.

138 1685 248 1736 artmao
272 1676 410 1755 quotiens
432 1683 512 1734 tutae
535 1675 656 1736 custode
679 1686 822 1737 tenentur

138 1769 167 1820 et
188 1760 346 1838 Pomptina
368 1760 453 1838 palus
475 1767 505 1818 et
527 1759 685 1820 Gallinaria
710 1761 807 1839 pinus,

138 1845 180 1904 sie
203 1845 272 1904 inde
295 1845 354 1904 huc
376 1860 481 1903 omnes
503 1855 653 1920 tamquam
675 1843 712 1903 ad
733 1845 840 1905 vivaria
867 1855 1001 1906 currunt.

140 1946 197 2007 qua
219 1929 341 1989 fornace
364 1945 477 2006 graves,
501 1946 557 2005 qua
583 1944 643 1988 non
668 1927 775 1988 incude
798 1927 941 1989 catenae?

136 2013 282 2074 maximus
304 2015 335 2073 in
358 2011 463 2074 vinclis
485 2011 558 2073 lerri
580 2013 695 2084 modus,
718 2022 753 2072 ut
773 2011 877 2074 timeas
898 2031 937 2073 ne
1044 2071 1047 2077 ,

137 2116 238 2159 vomer
260 2098 385 2172 deficiat
408 2115 447 2158 ne
468 2115 584 2180 marrae
607 2108 636 2158 et
658 2098 771 2162 sarcula
792 2097 900 2159 desint.
1093 2098 1108 2112 ”

137 2183 237 2244 felices
259 2200 438 2263 proavorum
461 2195 570 2257 atavos,
595 2177 692 2243 lelicia
699 2175 794 2244 'dicas

138 2269 254 2328 saecula
277 2286 351 2346 quae
375 2269 524 2346 quondam
548 2267 604 2329 sub
627 2267 748 2346 regibus
771 2277 859 2346 atque
880 2267 1010 2329 tribunis

138 2352 277 2413 viderunt
265 2363 360 2413 tuno
383 2362 556 2412 contentam
579 2369 697 2412 carcere
720 2353 855 2412 Romam.

1052 885 1105 935 „tp
1126 871 1140 887 ‘⁸
1160 850 1175 915 ἰ

1086 939 1092 958 d

223 2524 283 2583 293
307 2523 410 2580 conche
434 2533 500 2579 tum.
523 2522 584 2578 laba
605 2521 713 2579 inflatus
735 2540 773 2580 es.
888 2521 952 2579 lolia
973 2521 1050 2596 porri
1070 2521 1125 2577 sive
1147 2537 1217 2577 eon-

137 2608 302 2665 dimentaria.
429 2610 490 2666 296
525 2607 632 2682 quidam
665 2625 764 2664 nomen
792 2607 846 2664 loci
879 2607 973 2664 dieunt
1004 2608 1038 2664 ad
1067 2605 1217 2662 convivium

137 2693 315 2750 constitutum
341 2710 373 2749 er
402 2693 499 2768 gaudio
528 2693 639 2750 dictum.
667 2693 711 2749 alii
740 2693 834 2750 dicunt
861 2692 953 2748 locum
981 2694 1015 2749 ad
1045 2708 1125 2766 quem
1149 2707 1217 2746 con-

138 2779 229 2836 venire
256 2779 381 2836 solebant
407 2779 522 2835 mendici
549 2779 583 2834 ad
615 2779 712 2854 stipem
744 2778 901 2853 petendam,
943 2778 987 2835 alii
1021 2776 1157 2834 tabernam
1186 2776 1218 2852 in

138 2880 191 2937 qua
212 2881 344 2938 pauperes
365 2864 468 2920 vivunt.
596 2864 748 2937 proseucha
768 2864 846 2922 loeus
868 2864 1037 2928 ludaeorum,
1060 2862 1108 2919 ubi
1130 2871 1218 2918 orant.

138 2943 372 3028 προσεύχεσθαι
394 2950 466 3004 enim
487 2965 582 3022 graece
597 2965 676 3006 orare
691 2950 798 3006 dicitur.
886 2948 946 3007 298
963 2949 1028 3004 haec
1043 2959 1084 3004 est
1098 2964 1218 3022 pauper-

138 3034 202 3089 tatis
223 3033 344 3097 miseria,
367 3043 399 3088 ut
420 3041 483 3106 post
504 3035 612 3090 caedem
633 3034 661 3089 in
684 3052 713 3090 se
736 3033 859 3090 collatam
883 3040 911 3088 et
931 3049 1025 3089 causas
1047 3032 1127 3088 dicat.

225 3119 286 3174 304
307 3117 359 3173 fixa
382 3128 501 3175 catenata
523 3126 573 3174 est.
596 3119 658 3191 quia
680 3129 786 3174 catenas
808 3116 923 3190 grandes
944 3117 1046 3174 terreas
1060 3133 1109 3189 per
1122 3115 1219 3190 singu·

137 3199 177 3256 las
198 3217 259 3256 axes
281 3201 422 3258 inducunt.
510 3205 571 3260 300
594 3202 720 3274 quotiens
740 3202 860 3258 latrones
882 3201 1020 3275 praesidiis
1042 3201 1179 3259 collocatis
1206 3218 1220 3256 a

138 3283 223 3342 solitis
245 3285 312 3342 locis
335 3284 494 3351 deiciuntur,
518 3288 627 3342 Romam
650 3287 727 3360 quasi
747 3287 781 3342 ad
803 3298 889 3343 certas
911 3287 1096 3361 praedationes
1115 3287 1220 3359 retugi-

139 3380 197 3426 unt.
286 3372 347 3428 307
370 3370 430 3426 loca
451 3382 515 3427 sunt
535 3369 698 3427 abundantia
712 3371 864 3428 latronibus
878 3373 905 3428 in
921 3373 1070 3446 Campania.
1159 3371 1219 3428 308

138 3454 167 3510 id
189 3456 283 3514 estad
305 3464 415 3531 paratos
438 3465 541 3529 pastus.
650 3459 709 3515 311
734 3457 895 3514 ferramenta
920 3467 999 3524 sunt,
1030 3456 1127 3531 quibus
1149 3465 1221 3512 terra

140 3538 246 3598 colitur.
334 3543 395 3600 313
419 3541 480 3615 quia
502 3549 566 3615 post
586 3539 648 3598 illos
670 3560 748 3615 reges
770 3541 872 3599 tribuni
886 3561 922 3600 m.
938 3542 1074 3599 consulari
1087 3550 1221 3616 potestate

139 3625 351 3698 rempublicam
374 3626 569 3700 gubernarunt.
656 3630 717 3686 314
734 3627 885 3684 'lollianum
907 3627 1017 3693 seilicet,
1041 3627 1116 3684 euius
1137 3644 1222 3702 aeque

230 3773 279 3823 293
297 3773 394 3824 coneba
410 3790 429 3839 p
502 3775 552 3827 296
570 3779 635 3824 onte
653 3775 703 3828 295
725 3777 817 3840 posuit
834 3775 983 3840 Pinzgews
1055 3776 1104 3828 293
1123 3773 1223 3827 deidem

144 3840 169 3890 P
183 3839 210 3900 (n
227 3845 419 3906 superscripta,
438 3859 518 3893 eroco
537 3858 561 3893 m
580 3845 603 3892 si
619 3841 677 3904 fuit
694 3845 730 3908 m)
830 3845 880 3896 302
900 3843 957 3910 quis
975 3841 1069 3910 polliet
1085 3845 1153 3908 Ppr.

145 3908 196 3959 304
213 3908 394 3958 catenaestluit
412 3911 436 3959 Ρ
453 3926 557 3976 eorr.p
639 3913 689 3962 305
709 3926 762 3961 rem
780 3912 811 3960 in
829 3911 954 3962 litural’
1035 3912 1083 3962 311
1104 3909 1227 3961 marraP

68 3996 77 4005 ·
144 3989 259 4042 stupro
278 3991 291 4027 a
310 3975 469 4028 ulteriorem
484 3997 502 4044 p
573 3981 623 4031 312
641 3977 706 4030 diors
723 3994 741 4044 p

306 4175 401 4247 gibbo
433 4194 506 4232 vinco
533 4182 570 4286 ‘pp
598 4224 600 4234 ,
637 4242 640 4252 ¹
