2792 4444
201 223 241 281 14
686 225 790 279 Psastt

199 417 291 478 seque
314 398 442 477 aliquem
464 397 598 471 credens,
621 397 693 458 ltalo
716 399 794 478 quod
818 401 933 460 honore
955 399 1081 478 supinus

201 484 323 564 fregerit
345 483 478 544 heminas
500 484 597 544 Arrcti
620 483 720 546 aedilis
742 483 868 564 iniquas,
1234 495 1277 547 111

81 601 97 626 a
200 551 256 630 nbc
279 568 330 648 qui
353 568 444 630 abaco
466 587 607 630 numeros
629 577 666 629 et·
679 577 760 630 secto
782 570 813 630 in
836 569 957 650 pulvere
978 577 1072 632 metas

201 655 256 716 scit
277 655 376 715 risisse
397 655 487 727 valer,
513 654 638 714 multum
661 655 790 742 gaudere
812 664 939 735 paratus,

128 708 224 872 sbi
247 740 354 821 cynico
377 738 499 800 barbam
521 738 658 818 petulans
680 739 806 800 nonaria
828 740 923 801 vellat.

199 825 245 886 his
268 843 354 886 mane
378 825 516 926 edictum,
539 834 608 904 post
629 809 752 905 prandia
774 825 940 886 Callirhoen
964 824 1012 885 do.

721 1027 750 1100 ll

200 1163 299 1238 Hunc,
321 1163 463 1238 Macrine,
486 1164 562 1224 diem
586 1181 708 1224 numera
730 1163 853 1224 meliore
875 1162 985 1244 lapillo,

199 1249 251 1328 qui
273 1248 327 1309 tibi
350 1247 478 1310 labentis
500 1259 630 1328 apponat
655 1248 797 1310 candidus
820 1267 925 1310 annos.

199 1429 277 1487 sunt,
307 1429 337 1478 ut
359 1421 409 1478 sist
428 1420 510 1477 homo
532 1421 633 1478 luscus.
678 1421 725 1495 qui
746 1421 852 1496 sapiens
874 1430 930 1485 cst,
961 1419 1083 1477 naturale
1104 1419 1198 1476 vitium
1219 1435 1276 1474 non

200 1505 381 1580 reprehendit.
471 1507 529 1566 129
553 1523 603 1564 nec
624 1506 688 1563 mihi
709 1506 745 1563 sit
765 1505 879 1571 auditor,
903 1505 950 1580 qui
971 1522 1000 1562 se
1021 1513 1099 1579 putat
1112 1504 1276 1562 honoratum

201 1592 275 1666 quod
297 1591 396 1647 meruit
418 1590 573 1666 dignitatem
595 1591 739 1649 aediliciam
760 1592 789 1648 in
810 1591 900 1665 aliquo
923 1590 1023 1665 oppido
1037 1589 1128 1647 ltaliae
1141 1589 1276 1648 tracturus

201 1675 355 1750 inaequales
377 1692 525 1733 mensuras.
615 1679 671 1735 131
697 1676 794 1734 abacus
817 1675 914 1734 dicitnr
935 1691 1027 1732 mensa
1048 1676 1076 1730 in
1098 1691 1276 1748 111311111-

203 1770 260 1818 trae
283 1761 423 1835 designant
443 1760 501 1817 loca
523 1761 565 1818 vel
586 1779 734 1830 mensuras.
824 1762 882 1819 132
904 1760 949 1817 ille
971 1760 1069 1817 stultns
1084 1768 1193 1835 paratus
1208 1777 1275 1834 gau-

203 1846 281 1911 dere,
312 1845 335 1902 si
356 1846 451 1903 viderit
472 1847 618 1904 meretricis
640 1863 747 1904 manum
770 1845 907 1904 delicatam
930 1844 1084 1920 philosophi
1103 1843 1212 1902 barbam
1234 1853 1275 1902 te·

202 1940 321 1989 nentem.
367 1932 441 2006 quod
463 1931 496 1989 de
517 1932 635 2006 diogene
657 1934 749 2007 cynico
772 1932 870 1990 dicitur
891 1938 918 1988 et
939 1931 1019 1988 laide
1040 1929 1190 1987 meretrice.

288 2018 346 2076 133
376 2016 487 2073 nonaria
515 2017 583 2074 dicta
613 2028 654 2074 est
681 2018 822 2082 meretrix,
852 2017 914 2091 quia
941 2016 1013 2088 apud
1043 2022 1146 2072 retercs
1167 2031 1182 2070 a
1203 2031 1276 2072 nona

200 2103 268 2159 hora
289 2101 463 2176 prostabant,
494 2119 530 2159 ne
551 2119 629 2159 mane
658 2103 753 2158 omissa
782 2100 970 2158 exercitatione
997 2099 1103 2156 militari
1129 2099 1174 2154 illo
1202 2101 1276 2157 irent

201 2187 397 2244 adulescentes.
487 2189 545 2245 134
568 2187 594 2242 11
618 2204 670 2244 usn
691 2186 751 2252 luit,
774 2196 806 2242 ut
826 2195 964 2260 praetores
986 2186 1071 2243 edicta
1089 2194 1277 2258 proponerent

202 2272 283 2329 certis
306 2269 473 2354 temporibus
497 2270 682 2346 compellentia
704 2270 839 2328 debitores
861 2271 1013 2328 satislacere
1035 2267 1220 2327 oreditoribus.

287 2356 348 2412 dem
367 2355 421 2413 illis
444 2358 599 2413 cantandam
622 2357 786 2431 tragoediam
808 2366 904 2431 poetae
926 2356 1063 2413 cuiusdam
1084 2355 1200 2420 indocti,
1230 2356 1276 2430 qui
1373 2431 1374 2434 Ἴ

202 2440 332 2498 Calliroen
355 2441 397 2498 vel
418 2440 533 2516 aliquam
555 2442 692 2499 historiam
718 2442 858 2517 pueriliter
884 2450 912 2499 11
938 2441 1047 2498 indocte
1074 2439 1191 2514 scripsit.
1234 2440 1275 2497 vel
1373 2489 1374 2514 ,

199 2537 230 2583 ut
252 2526 294 2582 alii
317 2525 424 2592 dicunt,
448 2528 514 2585 haec
536 2527 648 2585 Calliroe
669 2528 785 2602 nympha
806 2527 859 2584 fuit
881 2544 960 2600 quam
982 2526 1055 2582 Paris
1076 2534 1138 2581 ante
1159 2525 1275 2582 11111111

199 2622 306 2687 raptum
328 2611 461 2676 habebat,
485 2629 555 2686 quae
577 2613 681 2670 deserta
703 2613 817 2669 multum
840 2611 937 2668 dicitur
958 2610 1031 2685 rupti
1053 2611 1150 2666 amoris
1171 2609 1275 2668 flevisse

201 2697 279 2754 dulce
300 2697 476 2753 consortium.
512 2697 581 2752 hanc
603 2697 766 2754 comoediam
781 2695 889 2752 Asinius
905 2695 980 2753 Celer
1000 2695 1108 2769 scripsit
1127 2695 1275 2770 pueriliter.

285 2781 349 2836 nolo
371 2798 414 2837 me
434 2781 526 2854 legant
548 2781 735 2846 circulatores,
767 2781 814 2855 qui
842 2799 920 2838 mane
947 2780 1063 2838 edictum
1091 2779 1211 2838 consulis
1233 2780 1275 2837 vel

200 2866 369 2940 imperatoris
390 2867 494 2940 populo
516 2866 638 2932 recitant,
661 2867 771 2924 meridie
791 2866 859 2924 levia
881 2865 998 2924 carmina
1020 2865 1122 2922 dicunt.

284 2951 307 3007 ll
332 2954 347 3008 1
372 2949 440 3008 hanc
461 2952 567 3008 satiram
590 2952 623 3008 ad
644 2951 761 3008 Plotium
784 2952 929 3008 Macrinum
951 2952 985 3008 de
1006 2950 1188 3009 bonomonte
1209 2952 1276 3008 scri·

200 3034 248 3101 bit,
272 3035 458 3110 significatque
481 3053 512 3093 eo
536 3036 577 3094 dle
599 3036 717 3094 eiusdem
738 3037 847 3094 llacrini
869 3036 983 3094 natalem
1006 3053 1081 3099 1111,
1105 3054 1185 3110 quem
1207 3037 1277 3094 diem

200 3120 315 3178 laetitiae
336 3121 397 3177 albo
421 3122 523 3178 calculo
551 3139 627 3180 more
649 3123 814 3180 Cretensium
841 3122 939 3179 iudicat
967 3121 1172 3195 assignandum,
1202 3121 1276 3196 quod

202 3204 341 3263 Cretenses
365 3206 523 3264 definientes
543 3209 622 3264 vitam
646 3224 678 3264 ex
699 3206 797 3264 laetitia
820 3215 943 3264 constare
966 3206 1022 3262 dies
1044 3205 1129 3264 laetos
1151 3207 1210 3263 albo
1233 3207 1277 3264 la-

200 3289 266 3365 pillo
289 3299 317 3348 et
338 3292 428 3348 tristes
450 3293 527 3367 nigro
550 3292 716 3358 indicabant,
746 3301 838 3367 postea
868 3300 995 3366 computo
1024 3290 1096 3349 11111
1125 3292 1276 3366 lapillorum

200 3375 341 3443 videbant,
372 3386 488 3450 quantos
518 3377 572 3433 ‹lies
601 3378 684 3434 laetos
712 3377 738 3433 in
761 3395 832 3434 anno
855 3377 983 3442 viderint,
1013 3385 1042 3434 et
1062 3393 1109 3434 eos
1130 3395 1160 3434 se
1181 3376 1278 3434 vixisse

201 3462 422 3521 testificabantur.
469 3479 529 3518 nant
552 3463 630 3519 etiam
651 3462 678 3518 in
702 3463 804 3520 tumulo
827 3463 964 3520 cuiusdam
980 3461 1098 3537 [Similis
1114 3464 1192 3536 apud
1208 3462 1278 3518 Dio·

199 3562 263 3601 aem
287 3546 365 3604 Cass.
392 3549 442 3614 69,
469 3545 516 3623 13]
539 3547 573 3604 ita
596 3546 779 3606 scribebatur:
800 3537 877 3605 ‘vixit
898 3564 984 3606 annos
1007 3555 1057 3613 tot,
1081 3547 1187 3605 duravit
1207 3533 1281 3606 tot'.

287 3712 336 3764 129
354 3709 440 3778 Seque
457 3714 489 3764 P:
514 3710 577 3764 Sese
599 3719 623 3763 α
711 3713 882 3766 tacuerit>
967 3715 1014 3768 131
1036 3712 1080 3780 qui
1104 3713 1130 3764 ln
1155 3712 1230 3764 abato
1250 3719 1278 3764 α

286 3778 312 3830 in
331 3795 381 3833 om.
400 3786 424 3830 α
506 3782 556 3832 134
573 3779 693 3846 parandis
712 3788 735 3832 α
822 3781 945 3834 calliroen
962 3783 1073 3834 Piratae·
1089 3795 1102 3832 r
1119 3785 1146 3831 ot
1163 3795 1179 3832 1
1197 3797 1278 3833 erasa

201 3843 318 3907 sortasse
336 3847 365 3899 h:
385 3847 506 3900 calliroen
524 3847 557 3900 do
577 3864 626 3900 om.
646 3856 670 3900 α

284 3914 305 3966 ll
327 3915 359 3967 ad
377 3914 517 3969 Macrinum
541 3915 574 3968 de
595 3917 664 3969 uitae
687 3917 824 3970 honestate
843 3923 868 3968 α
894 3917 927 3970 ad
950 3916 1066 3970 Plotium
1083 3913 1224 3969 Macrinum
1243 3916 1280 3972 de

201 3982 269 4035 bona
287 3988 373 4037 mente
390 3985 414 4036 P
479 3987 494 4036 2
513 3983 578 4045 outa
597 3992 620 4036 α
691 3987 798 4054 apponit
816 3992 841 4037 α
