2792 4444
594 207 776 260 PRAEFATIO
1170 207 1223 259 lllll

232 380 377 443 luvenalis
401 381 633 459 antiquissimam
657 381 864 442 recensionem
888 399 966 442 unus
987 389 1079 442 totam
1103 399 1224 460 reprae-

151 493 244 546 sentat
272 484 304 556 P,
341 490 455 562 partem
485 484 548 544 eius
581 483 669 544 etiam
705 483 829 563 paginae
863 483 987 544 Aroviae
1022 483 1159 545 inventae
1188 483 1224 544 31

153 586 283 646 1313333
299 584 408 665 Wirzio
425 595 636 663 enarrataeque
652 584 682 645 in
699 585 808 645 Herme
823 584 872 644 XV
889 603 917 664 p.
934 587 996 649 437
1012 603 1051 646 33.
1067 603 1141 664 3333
1158 603 1225 644 333

152 689 267 768 prosint
296 689 330 748 311
359 687 516 766 legendum
546 697 575 748 et
604 688 811 748 excutiendum
842 686 875 760 P,
905 687 1026 766 propria
1054 687 1122 748 dote
1146 687 1225 747 nulla

152 791 406 864 commendantur,
436 801 465 851 et
487 791 662 870 florilegium
691 789 882 870 Sangallense
916 791 1027 851 editum
1056 789 1225 850 311111313-

151 894 245 974 phoro
268 894 419 973 Stephano
442 893 472 953 13
496 912 598 954 33333
621 893 756 954 rhenano
779 892 828 955 XL
852 895 1014 972 1126333.
1037 910 1225 970 3133333-

152 994 324 1056 331311133
346 995 436 1057 33133
464 1013 566 1083 131333
597 994 672 1072 (11111
699 997 770 1070 148)
802 995 1038 1056 emendationem
1069 994 1166 1055 ascivi.
1212 1012 1227 1054 3

153 1097 348 1159 deterioribus
367 1098 450 1159 libris
465 1097 725 1158 vindobonensem
744 1101 804 1160 1117
828 1097 910 1176 (phil.
929 1098 1001 1171 128)
1023 1096 1131 1158 saeculi
1154 1097 1227 1156 noni

152 1200 197 1260 131
212 1199 318 1261 decimi
329 1199 546 1261 accuratissime
559 1200 708 1260 conlatum
723 1199 813 1260 habui
828 1199 865 1260 ab
876 1199 996 1259 dlfredo
1012 1199 1142 1259 Holdero
1154 1199 1226 1258 ami-

154 1321 199 1363 co.
243 1302 397 1363 Bobiensis
413 1302 594 1381 palimpsesti
616 1301 754 1381 reliquias
770 1299 922 1362 Vaticanas
944 1302 1043 1363 denuo
1066 1300 1228 1362 aGustavo

154 1403 273 1464 Loewio
289 1404 450 1483 exscriptas
466 1403 623 1484 proposuit
638 1403 778 1464 Goetzius
799 1402 956 1480 (luvenalis
971 1411 1001 1464 31
1016 1403 1109 1464 Persii
1125 1403 1228 1481 fragm.

143 1505 447 1584 ’11311333318841
481 1515 599 1586 praeter
613 1506 790 1568 Nicaeanam
805 1507 1010 1567 recensionem
1027 1505 1081 1565 3113
1098 1514 1127 1565 31
1142 1506 1228 1582 igno-

152 1609 210 1668 tior
232 1610 376 1689 patelacta
399 1619 443 1670 est
471 1609 581 1669 iudicio
604 1609 713 1670 codicis
735 1607 908 1669 Parisiensis
931 1609 1014 1670 9345
1037 1625 1113 1668 saec.
1135 1606 1175 1667 Xl
1197 1607 1227 1668 in

153 1711 212 1770 line
233 1719 331 1772 sextae
354 1719 469 1772 saturae
491 1711 564 1771 haec
588 1710 754 1771 exhibentis
776 1710 868 1772 decem
883 1709 1027 1770 1113333113
1041 1709 1158 1789 33311311
1180 1708 1228 1769 to.

151 1813 289 1874 3333311111
304 1817 409 1893 incipit
432 1812 481 1873 111.
494 1811 541 1872 111
555 1812 662 1891 legente
679 1812 846 1891 Aepicorpio
865 1812 1034 1873 scriadeata's
1058 1811 1231 1892 1131133133-

154 1917 194 1975 ta'o
217 1933 297 1976 servo
320 1914 431 1990 (Keller
454 1915 484 1975 in
509 1913 692 1975 Fleckeiseni
715 1915 813 1975 annali
838 1915 920 1978 1885
935 1933 964 1993 p.
982 1917 1064 1990 576).
1102 1915 1230 1975 deterio-

155 2034 222 2076 rum
244 2016 275 2075 in
300 2034 426 2077 numero
449 2016 506 2076 133
528 2017 677 2095 exemplar
699 2016 865 2094 reponitur,
890 2025 989 2077 13333
1013 2034 1110 2095 33333
1133 2016 1231 2096 ipsum

154 2119 239 2196 quale
262 2119 299 2179 sit
314 2137 412 2197 neque
428 2119 550 2180 omnino
567 2119 724 2180 83313333
740 2119 924 2180 recensionis
940 2120 1034 2179 forma
1050 2119 1145 2179 adhuc
1160 2119 1230 2180 satis

154 2222 301 2300 explorata
324 2229 375 2282 aut
395 2222 542 2301 descripta
564 2232 618 2284 est.

240 2324 471 2384 instrumentum
488 2325 688 2386 necessarium
703 2345 741 2386 33
757 2325 881 2397 deesset,
897 2325 1007 2386 scholia
1024 2324 1143 2403 3311333
1159 2325 1229 2384 Ρ31-

156 2423 192 2485 311
216 2433 244 2483 31
260 2424 405 2485 13133313
428 2425 561 2486 13131133
583 2427 711 2486 adiunxi.
757 2445 860 2488 eorum
883 2445 975 2505 pauca
1000 2427 1114 2505 origiue
1136 2445 1231 2506 paene
1252 2409 1255 2425 ἴ

157 2527 290 2605 aequalia
313 2528 476 2606 3113113313
499 2529 603 2607 poetis,
626 2529 751 2607 plurima
774 2537 841 2607 post
866 2528 1092 2590 Constantinum
1122 2530 1231 2608 scripta

157 2639 187 2690 31
209 2629 351 2707 rescripta
375 2639 561 2691 3133313133
584 2630 810 2692 313333331313
826 2631 971 2711 11333331
993 2630 1164 2708 carolingos
1180 2631 1232 2690 de·

156 2731 314 2792 scendunt.
345 2732 553 2794 recensionem
568 2733 747 2794 scholiorum
762 2733 805 2794 sic
816 2741 849 2793 ut
860 2734 924 2794 fieri
939 2733 1098 2813 aliquando
1114 2741 1233 2812 oportet

157 2839 287 2920 exactam
304 2830 338 2890 ad
355 2831 503 2892 13113133
520 2841 675 2893 33313133
691 2832 887 2911 codicumque
902 2831 1033 2893 indolem
1048 2833 1232 2892 3313113333

158 2933 281 2993 minime
303 2932 445 2995 3111331311
461 2953 559 3013 33333
582 2936 671 2996 oflicii
687 2936 745 3004 3131
767 2953 831 2996 3333
855 2934 934 2995 duxi.
972 2935 1061 2995 113313
1079 2953 1147 2994 1313
1164 2936 1232 3014 3313

158 3034 324 3096 carminum
347 3036 439 3113 gratia
463 3036 573 3097 scholia
590 3037 722 3109 edebam,
745 3035 917 3098 scholiastes
932 3045 1030 3097 autem
1046 3036 1128 3116 parvi
1142 3038 1231 3097 facie-

158 3135 237 3206 bam,
261 3136 458 3216 3313133333
483 3156 520 3197 33
542 3137 686 3199 333131113
708 3137 795 3214 nugis
824 3146 874 3198 aut
896 3137 1096 3198 deliramentis
1124 3138 1233 3198 malum

159 3255 301 3316 magnum
331 3239 427 3300 31133,
447 3240 540 3300 33133
568 3240 732 3314 redderem,
761 3239 796 3300 ad
824 3240 938 3301 Pithoei
967 3241 1132 3319 exemplum
1157 3241 1234 3300 hanc

159 3338 326 3400 libertatem
349 3341 487 3420 usurpavi
510 3350 543 3402 ut
565 3341 712 3402 abicerem
735 3361 810 3421 3333
839 3342 961 3404 3313313
990 3342 1101 3404 1333133
1124 3342 1233 3403 nullius

159 3459 231 3502 usus
243 3441 414 3503 viderentur
427 3463 499 3516 esse,
523 3444 674 3522 integrum
694 3443 893 3523 relinquerem
915 3443 1057 3522 quidquid
1076 3444 1234 3504 13331313-

159 3543 281 3606 ditionis
296 3545 445 3623 antiquae,
461 3545 590 3623 denique
605 3545 699 3607 media
715 3545 764 3606 illa
779 3563 854 3624 quae
870 3545 906 3606 ad
927 3545 982 3606 hos
998 3545 1116 3623 quidem
1132 3556 1234 3623 poetas

162 3648 237 3709 nihil
252 3648 303 3710 sed
320 3649 354 3708 ad
371 3648 518 3709 sermonis
533 3666 693 3726 rerumque
716 3647 915 3727 posteriorum
932 3658 961 3708 et
974 3648 1233 3726 grammaticorum

160 3749 393 3830 Byzantinorum
408 3749 662 3811 1311311313133
678 3749 904 3828 intelligentiam
922 3749 1105 3828 aliquantum
1121 3749 1235 3808 condu-

162 3863 243 3926 euot,
268 3855 432 3914 omitterem
456 3863 506 3914 331
529 3853 713 3914 adsumerem
736 3871 772 3912 ex
795 3853 959 3914 commodo.
1010 3852 1102 3913 Persii
1124 3851 1234 3911 scholia

161 3956 320 4016 emendare
332 3955 500 4034 complures
513 3974 609 4036 nuper
620 3954 750 4035 aggressi
762 3962 832 4016 sunt
847 3971 921 4032 quos
934 3962 1076 4014 memorat
1087 3953 1235 4014 Antonius
