<?xml version="1.0" encoding="UTF-8"?>
<!DOCTYPE html PUBLIC "-//W3C//DTD XHTML 1.0 Transitional//EN"
    "http://www.w3.org/TR/xhtml1/DTD/xhtml1-transitional.dtd">
<html xmlns="http://www.w3.org/1999/xhtml" xml:lang="en" lang="en">
 <head>
  <title>
</title>
<meta http-equiv="Content-Type" content="text/html;charset=utf-8" />
  <meta name='ocr-system' content='tesseract 3.04.00' />
  <meta name='ocr-capabilities' content='ocr_page ocr_carea ocr_par ocr_line ocrx_word'/>
</head>
<body>
  <div class='ocr_page' id='page_1' title='image "apersiiflaccidi01sulpgoog_0101.png"; bbox 0 0 2804 4442; ppageno 0'>
   <div class='ocr_carea' id='block_1_1' title="bbox 182 205 805 264">
    <p class='ocr_par' dir='ltr' id='par_1_1' title="bbox 182 205 805 264">
     <span class='ocr_line' id='line_1_1' title="bbox 182 205 805 264; baseline -0.003 -2"><span class='ocrx_word' id='word_1_1' title='bbox 182 205 222 264; x_wconf 88' lang='lat'><strong>80</strong></span> <span class='ocrx_word' id='word_1_2' title='bbox 630 207 805 260; x_wconf 82' lang='lat' dir='ltr'><strong>lVVENALlS</strong></span> 
     </span>
    </p>
   </div>
   <div class='ocr_carea' id='block_1_2' title="bbox 180 378 888 543">
    <p class='ocr_par' dir='ltr' id='par_1_2' title="bbox 180 378 888 543">
     <span class='ocr_line' id='line_1_2' title="bbox 180 378 887 461; baseline 0.006 -23"><span class='ocrx_word' id='word_1_3' title='bbox 180 378 336 440; x_wconf 77' lang='lat' dir='ltr'><strong>mittentur</strong></span> <span class='ocrx_word' id='word_1_4' title='bbox 357 379 462 439; x_wconf 79' lang='lat' dir='ltr'>bracae</span> <span class='ocrx_word' id='word_1_5' title='bbox 484 379 593 442; x_wconf 87' lang='lat' dir='ltr'><strong>cultelli</strong></span> <span class='ocrx_word' id='word_1_6' title='bbox 616 381 700 442; x_wconf 85' lang='lat' dir='ltr'><strong>frena</strong></span> <span class='ocrx_word' id='word_1_7' title='bbox 724 381 887 461; x_wconf 90' lang='lat' dir='ltr'><strong>flagellum:</strong></span> 
     </span>
     <span class='ocr_line' id='line_1_3' title="bbox 180 464 888 543; baseline 0.003 -19"><span class='ocrx_word' id='word_1_8' title='bbox 180 464 223 524; x_wconf 91' lang='lat' dir='ltr'><strong>sic</strong></span> <span class='ocrx_word' id='word_1_9' title='bbox 244 472 442 543; x_wconf 82' lang='lat' dir='ltr'><strong>praetextatos</strong></span> <span class='ocrx_word' id='word_1_10' title='bbox 464 465 599 525; x_wconf 79' lang='lat' dir='ltr'><strong>colerunt</strong></span> <span class='ocrx_word' id='word_1_11' title='bbox 620 465 757 526; x_wconf 80' lang='lat' dir='ltr'><strong>Artaxata</strong></span> <span class='ocrx_word' id='word_1_12' title='bbox 781 485 888 528; x_wconf 88' lang='lat' dir='ltr'><strong>mores.</strong></span> 
     </span>
    </p>
   </div>
   <div class='ocr_carea' id='block_1_3' title="bbox 627 748 808 802">
    <p class='ocr_par' dir='ltr' id='par_1_3' title="bbox 627 748 808 802">
     <span class='ocr_line' id='line_1_4' title="bbox 627 748 808 802; baseline 0.006 -1"><span class='ocrx_word' id='word_1_13' title='bbox 627 748 760 801; x_wconf 75' lang='lat' dir='ltr'><strong>struat</strong></span> <span class='ocrx_word' id='word_1_14' title='bbox 778 749 808 802; x_wconf 87' lang='lat'><strong>111</strong></span> 
     </span>
    </p>
   </div>
   <div class='ocr_carea' id='block_1_4' title="bbox 182 837 1300 2294">
    <p class='ocr_par' dir='ltr' id='par_1_4' title="bbox 183 837 890 932">
     <span class='ocr_line' id='line_1_5' title="bbox 183 837 890 932; baseline -0.001 -18"><span class='ocrx_word' id='word_1_15' title='bbox 183 854 321 926; x_wconf 88' lang='lat' dir='ltr'><strong>Quamvis</strong></span> <span class='ocrx_word' id='word_1_16' title='bbox 344 853 477 932; x_wconf 86' lang='lat' dir='ltr'><strong>digressu</strong></span> <span class='ocrx_word' id='word_1_17' title='bbox 500 853 606 914; x_wconf 89' lang='lat' dir='ltr'><strong>veteris</strong></span> <span class='ocrx_word' id='word_1_18' title='bbox 629 837 771 915; x_wconf 69' lang='lat' dir='ltr'><strong>contusis</strong></span> <span class='ocrx_word' id='word_1_19' title='bbox 794 853 890 927; x_wconf 87' lang='lat' dir='ltr'><strong>amici,</strong></span> 
     </span>
    </p>

    <p class='ocr_par' dir='ltr' id='par_1_5' title="bbox 182 938 987 1104">
     <span class='ocr_line' id='line_1_6' title="bbox 183 938 987 1018; baseline -0.002 -17"><span class='ocrx_word' id='word_1_20' title='bbox 183 939 272 1001; x_wconf 92' lang='lat' dir='ltr'><strong>laudo</strong></span> <span class='ocrx_word' id='word_1_21' title='bbox 295 948 403 1012; x_wconf 86' lang='lat' dir='ltr'><strong>tamen,</strong></span> <span class='ocrx_word' id='word_1_22' title='bbox 427 939 525 1000; x_wconf 89' lang='lat' dir='ltr'><strong>vacuis</strong></span> <span class='ocrx_word' id='word_1_23' title='bbox 548 938 628 1018; x_wconf 93' lang='lat' dir='ltr'><strong>quod</strong></span> <span class='ocrx_word' id='word_1_24' title='bbox 650 938 750 999; x_wconf 88' lang='lat' dir='ltr'><strong>sedem</strong></span> <span class='ocrx_word' id='word_1_25' title='bbox 773 940 865 1018; x_wconf 85' lang='lat' dir='ltr'><strong>figere</strong></span> <span class='ocrx_word' id='word_1_26' title='bbox 888 938 987 1000; x_wconf 91' lang='lat' dir='ltr'><strong>Cumis</strong></span> 
     </span>
     <span class='ocr_line' id='line_1_7' title="bbox 182 1023 947 1104; baseline -0.001 -19"><span class='ocrx_word' id='word_1_27' title='bbox 182 1025 311 1086; x_wconf 86' lang='lat' dir='ltr'><strong>destinet</strong></span> <span class='ocrx_word' id='word_1_28' title='bbox 332 1032 420 1102; x_wconf 91' lang='lat' dir='ltr'><strong>atquc</strong></span> <span class='ocrx_word' id='word_1_29' title='bbox 442 1042 538 1084; x_wconf 90' lang='lat' dir='ltr'><strong>unum</strong></span> <span class='ocrx_word' id='word_1_30' title='bbox 561 1023 653 1084; x_wconf 91' lang='lat' dir='ltr'><strong>civem</strong></span> <span class='ocrx_word' id='word_1_31' title='bbox 675 1024 787 1084; x_wconf 89' lang='lat' dir='ltr'><strong>donare</strong></span> <span class='ocrx_word' id='word_1_32' title='bbox 811 1023 947 1104; x_wconf 76' lang='lat' dir='ltr'><strong>Sibyllae.</strong></span> 
     </span>
    </p>

    <p class='ocr_par' dir='ltr' id='par_1_6' title="bbox 183 1108 916 1188">
     <span class='ocr_line' id='line_1_8' title="bbox 183 1108 916 1188; baseline -0.003 -18"><span class='ocrx_word' id='word_1_33' title='bbox 183 1111 270 1170; x_wconf 92' lang='lat' dir='ltr'><strong>ianua</strong></span> <span class='ocrx_word' id='word_1_34' title='bbox 292 1109 428 1170; x_wconf 91' lang='lat' dir='ltr'><strong>Baiarum</strong></span> <span class='ocrx_word' id='word_1_35' title='bbox 452 1116 496 1170; x_wconf 91' lang='lat' dir='ltr'><strong>est</strong></span> <span class='ocrx_word' id='word_1_36' title='bbox 517 1116 547 1168; x_wconf 85' lang='lat' dir='ltr'><strong>et</strong></span> <span class='ocrx_word' id='word_1_37' title='bbox 568 1117 685 1188; x_wconf 88' lang='lat' dir='ltr'><strong>gratum</strong></span> <span class='ocrx_word' id='word_1_38' title='bbox 707 1108 777 1170; x_wconf 87' lang='lat' dir='ltr'><strong>litus</strong></span> <span class='ocrx_word' id='word_1_39' title='bbox 799 1109 916 1170; x_wconf 88' lang='lat' dir='ltr'><strong>amoeni</strong></span> 
     </span>
    </p>

    <p class='ocr_par' dir='ltr' id='par_1_7' title="bbox 183 1193 1098 1443">
     <span class='ocr_line' id='line_1_9' title="bbox 183 1193 1047 1273; baseline 0 -17"><span class='ocrx_word' id='word_1_40' title='bbox 183 1213 327 1256; x_wconf 77' lang='lat' dir='ltr'><strong>secessus·</strong></span> <span class='ocrx_word' id='word_1_41' title='bbox 372 1212 427 1272; x_wconf 90' lang='lat' dir='ltr'><strong>ego</strong></span> <span class='ocrx_word' id='word_1_42' title='bbox 449 1194 496 1254; x_wconf 89' lang='lat' dir='ltr'><strong>vel</strong></span> <span class='ocrx_word' id='word_1_43' title='bbox 518 1193 693 1273; x_wconf 82' lang='lat' dir='ltr'><strong>Prochytam</strong></span> <span class='ocrx_word' id='word_1_44' title='bbox 716 1212 870 1272; x_wconf 86' lang='lat' dir='ltr'><strong>praepono</strong></span> <span class='ocrx_word' id='word_1_45' title='bbox 894 1194 1047 1269; x_wconf 88' lang='lat' dir='ltr'><strong>Suburae;</strong></span> 
     </span>
     <span class='ocr_line' id='line_1_10' title="bbox 184 1279 1098 1358; baseline 0.001 -18"><span class='ocrx_word' id='word_1_46' title='bbox 184 1298 253 1341; x_wconf 94' lang='lat' dir='ltr'><strong>nam</strong></span> <span class='ocrx_word' id='word_1_47' title='bbox 276 1279 347 1358; x_wconf 93' lang='lat' dir='ltr'><strong>quid</strong></span> <span class='ocrx_word' id='word_1_48' title='bbox 369 1286 428 1339; x_wconf 91' lang='lat' dir='ltr'><strong>tam</strong></span> <span class='ocrx_word' id='word_1_49' title='bbox 452 1279 601 1353; x_wconf 88' lang='lat' dir='ltr'><strong>miserum,</strong></span> <span class='ocrx_word' id='word_1_50' title='bbox 624 1286 683 1338; x_wconf 90' lang='lat' dir='ltr'><strong>tam</strong></span> <span class='ocrx_word' id='word_1_51' title='bbox 706 1279 802 1340; x_wconf 88' lang='lat' dir='ltr'><strong>solum</strong></span> <span class='ocrx_word' id='word_1_52' title='bbox 824 1279 957 1355; x_wconf 90' lang='lat' dir='ltr'><strong>vidimus,</strong></span> <span class='ocrx_word' id='word_1_53' title='bbox 980 1289 1098 1341; x_wconf 88' lang='lat' dir='ltr'><strong>utnon</strong></span> 
     </span>
     <span class='ocr_line' id='line_1_11' title="bbox 183 1363 877 1443; baseline 0 -18"><span class='ocrx_word' id='word_1_54' title='bbox 183 1364 315 1426; x_wconf 88' lang='lat' dir='ltr'><strong>deterius</strong></span> <span class='ocrx_word' id='word_1_55' title='bbox 337 1364 439 1427; x_wconf 91' lang='lat' dir='ltr'><strong>credas</strong></span> <span class='ocrx_word' id='word_1_56' title='bbox 461 1364 584 1424; x_wconf 89' lang='lat' dir='ltr'><strong>horrere</strong></span> <span class='ocrx_word' id='word_1_57' title='bbox 607 1363 754 1438; x_wconf 89' lang='lat' dir='ltr'><strong>incendia,</strong></span> <span class='ocrx_word' id='word_1_58' title='bbox 777 1365 877 1443; x_wconf 90' lang='lat' dir='ltr'><strong>lapsus</strong></span> 
     </span>
    </p>

    <p class='ocr_par' dir='ltr' id='par_1_8' title="bbox 183 1448 923 1528">
     <span class='ocr_line' id='line_1_12' title="bbox 183 1448 923 1528; baseline 0 -18"><span class='ocrx_word' id='word_1_59' title='bbox 183 1457 329 1511; x_wconf 88' lang='lat' dir='ltr'><strong>tectorum</strong></span> <span class='ocrx_word' id='word_1_60' title='bbox 352 1449 489 1510; x_wconf 90' lang='lat' dir='ltr'><strong>adsiduos</strong></span> <span class='ocrx_word' id='word_1_61' title='bbox 511 1467 545 1510; x_wconf 92' lang='lat' dir='ltr'><strong>ac</strong></span> <span class='ocrx_word' id='word_1_62' title='bbox 567 1449 647 1510; x_wconf 90' lang='lat' dir='ltr'><strong>mille</strong></span> <span class='ocrx_word' id='word_1_63' title='bbox 670 1448 800 1528; x_wconf 89' lang='lat' dir='ltr'><strong>pericula</strong></span> <span class='ocrx_word' id='word_1_64' title='bbox 822 1467 923 1510; x_wconf 88' lang='lat' dir='ltr'><strong>saevae</strong></span> 
     </span>
    </p>

    <p class='ocr_par' dir='ltr' id='par_1_9' title="bbox 183 1532 925 1613">
     <span class='ocr_line' id='line_1_13' title="bbox 183 1532 925 1613; baseline -0.001 -18"><span class='ocrx_word' id='word_1_65' title='bbox 183 1534 266 1596; x_wconf 89' lang='lat' dir='ltr'><strong>urbis</strong></span> <span class='ocrx_word' id='word_1_66' title='bbox 289 1541 318 1595; x_wconf 87' lang='lat' dir='ltr'><strong>et</strong></span> <span class='ocrx_word' id='word_1_67' title='bbox 339 1535 471 1613; x_wconf 81' lang='lat' dir='ltr'><strong>Augusto</strong></span> <span class='ocrx_word' id='word_1_68' title='bbox 494 1535 652 1595; x_wconf 84' lang='lat' dir='ltr'><strong>recitantes</strong></span> <span class='ocrx_word' id='word_1_69' title='bbox 674 1551 777 1595; x_wconf 89' lang='lat' dir='ltr'><strong>mense</strong></span> <span class='ocrx_word' id='word_1_70' title='bbox 798 1532 925 1613; x_wconf 82' lang='lat' dir='ltr'><strong>poetas?</strong></span> 
     </span>
    </p>

    <p class='ocr_par' dir='ltr' id='par_1_10' title="bbox 183 1618 1300 1962">
     <span class='ocr_line' id='line_1_14' title="bbox 184 1618 953 1698; baseline -0.003 -17"><span class='ocrx_word' id='word_1_71' title='bbox 184 1621 236 1682; x_wconf 92' lang='lat' dir='ltr'><strong>sed</strong></span> <span class='ocrx_word' id='word_1_72' title='bbox 256 1620 327 1681; x_wconf 92' lang='lat' dir='ltr'><strong>dum</strong></span> <span class='ocrx_word' id='word_1_73' title='bbox 349 1628 410 1680; x_wconf 89' lang='lat' dir='ltr'><strong>tota</strong></span> <span class='ocrx_word' id='word_1_74' title='bbox 434 1620 539 1680; x_wconf 94' lang='lat' dir='ltr'><strong>domus</strong></span> <span class='ocrx_word' id='word_1_75' title='bbox 561 1618 648 1679; x_wconf 87' lang='lat' dir='ltr'><strong>raeda</strong></span> <span class='ocrx_word' id='word_1_76' title='bbox 671 1620 863 1698; x_wconf 85' lang='lat' dir='ltr'><strong>componitur</strong></span> <span class='ocrx_word' id='word_1_77' title='bbox 884 1637 953 1693; x_wconf 88' lang='lat' dir='ltr'><strong>una,</strong></span> 
     </span>
     <span class='ocr_line' id='line_1_15' title="bbox 183 1703 1026 1783; baseline -0.002 -17"><span class='ocrx_word' id='word_1_78' title='bbox 183 1704 314 1766; x_wconf 87' lang='lat' dir='ltr'><strong>substitit</strong></span> <span class='ocrx_word' id='word_1_79' title='bbox 335 1705 371 1765; x_wconf 94' lang='lat' dir='ltr'><strong>ad</strong></span> <span class='ocrx_word' id='word_1_80' title='bbox 393 1712 506 1766; x_wconf 88' lang='lat' dir='ltr'><strong>veteres</strong></span> <span class='ocrx_word' id='word_1_81' title='bbox 529 1722 615 1764; x_wconf 88' lang='lat' dir='ltr'><strong>arcus</strong></span> <span class='ocrx_word' id='word_1_82' title='bbox 638 1704 844 1783; x_wconf 89' lang='lat' dir='ltr'><strong>madidamque</strong></span> <span class='ocrx_word' id='word_1_83' title='bbox 867 1703 1026 1783; x_wconf 89' lang='lat' dir='ltr'><strong>Capenam.</strong></span> 
     </span>
     <span class='ocr_line' id='line_1_16' title="bbox 183 1775 1300 1864; baseline -0.001 -13"><span class='ocrx_word' id='word_1_84' title='bbox 183 1790 242 1864; x_wconf 84' lang='lat' dir='ltr'><strong>hic,</strong></span> <span class='ocrx_word' id='word_1_85' title='bbox 265 1788 316 1850; x_wconf 95' lang='lat' dir='ltr'><strong>ubi</strong></span> <span class='ocrx_word' id='word_1_86' title='bbox 339 1800 504 1850; x_wconf 88' lang='lat' dir='ltr'><strong>nocturnae</strong></span> <span class='ocrx_word' id='word_1_87' title='bbox 526 1789 621 1850; x_wconf 92' lang='lat' dir='ltr'><strong>Numa</strong></span> <span class='ocrx_word' id='word_1_88' title='bbox 644 1789 841 1850; x_wconf 88' lang='lat' dir='ltr'><strong>constituebat</strong></span> <span class='ocrx_word' id='word_1_89' title='bbox 863 1790 974 1850; x_wconf 85' lang='lat' dir='ltr'><strong>amicae</strong></span> <span class='ocrx_word' id='word_1_90' title='bbox 997 1823 1038 1834; x_wconf 88' lang='lat'>—</span> <span class='ocrx_word' id='word_1_91' title='bbox 1139 1775 1164 1823; x_wconf 67' lang='lat'><strong>‘¹¹¹</strong></span> <span class='ocrx_word' id='word_1_92' title='bbox 1262 1811 1300 1830; x_wconf 60' lang='lat'><strong>²·</strong></span> 
     </span>
     <span class='ocr_line' id='line_1_17' title="bbox 186 1874 960 1962; baseline -0.003 -26"><span class='ocrx_word' id='word_1_93' title='bbox 186 1893 267 1936; x_wconf 90' lang='lat' dir='ltr'><strong>nunc</strong></span> <span class='ocrx_word' id='word_1_94' title='bbox 289 1875 364 1936; x_wconf 90' lang='lat' dir='ltr'><strong>sacri</strong></span> <span class='ocrx_word' id='word_1_95' title='bbox 386 1875 477 1936; x_wconf 79' lang='lat' dir='ltr'><strong>sontis</strong></span> <span class='ocrx_word' id='word_1_96' title='bbox 500 1893 606 1936; x_wconf 90' lang='lat' dir='ltr'><strong>nemus</strong></span> <span class='ocrx_word' id='word_1_97' title='bbox 628 1881 657 1934; x_wconf 91' lang='lat' dir='ltr'><strong>et</strong></span> <span class='ocrx_word' id='word_1_98' title='bbox 679 1874 802 1935; x_wconf 91' lang='lat' dir='ltr'><strong>delubra</strong></span> <span class='ocrx_word' id='word_1_99' title='bbox 823 1875 960 1962; x_wconf 70' lang='lat' dir='ltr'><strong>locamur</strong></span> 
     </span>
    </p>

    <p class='ocr_par' dir='ltr' id='par_1_11' title="bbox 184 1959 986 2039">
     <span class='ocr_line' id='line_1_18' title="bbox 184 1959 986 2039; baseline 0 -19"><span class='ocrx_word' id='word_1_100' title='bbox 184 1960 298 2021; x_wconf 90' lang='lat' dir='ltr'><strong>ludaeis</strong></span> <span class='ocrx_word' id='word_1_101' title='bbox 322 1978 450 2038; x_wconf 92' lang='lat' dir='ltr'><strong>quorum</strong></span> <span class='ocrx_word' id='word_1_102' title='bbox 473 1978 507 2020; x_wconf 89' lang='lat' dir='ltr'><strong>co</strong></span> <span class='ocrx_word' id='word_1_103' title='bbox 531 1960 619 2020; x_wconf 90' lang='lat' dir='ltr'><strong>binus</strong></span> <span class='ocrx_word' id='word_1_104' title='bbox 640 1960 821 2038; x_wconf 87' lang='lat' dir='ltr'><strong>faenumque</strong></span> <span class='ocrx_word' id='word_1_105' title='bbox 844 1959 986 2039; x_wconf 81' lang='lat' dir='ltr'><strong>supellex,</strong></span> 
     </span>
    </p>

    <p class='ocr_par' dir='ltr' id='par_1_12' title="bbox 187 1979 1121 2191">
     <span class='ocr_line' id='line_1_19' title="bbox 187 1979 1121 2124; baseline -0.002 -18"><span class='ocrx_word' id='word_1_106' title='bbox 187 2045 284 2107; x_wconf 91' lang='lat' dir='ltr'><strong>omnis</strong></span> <span class='ocrx_word' id='word_1_107' title='bbox 306 2046 385 2106; x_wconf 91' lang='lat' dir='ltr'><strong>enim</strong></span> <span class='ocrx_word' id='word_1_108' title='bbox 409 1979 528 2124; x_wconf 52' lang='lat' dir='ltr'><strong>popule?</strong></span> <span class='ocrx_word' id='word_1_109' title='bbox 541 2045 709 2123; x_wconf 66' lang='lat' dir='ltr'><strong>mercedem</strong></span> <span class='ocrx_word' id='word_1_110' title='bbox 733 2045 864 2124; x_wconf 77' lang='lat' dir='ltr'><strong>pendere</strong></span> <span class='ocrx_word' id='word_1_111' title='bbox 886 2045 964 2105; x_wconf 89' lang='lat' dir='ltr'><strong>iussa</strong></span> <span class='ocrx_word' id='word_1_112' title='bbox 987 2052 1032 2106; x_wconf 88' lang='lat' dir='ltr'><strong>cst</strong></span> <span class='ocrx_word' id='word_1_113' title='bbox 1113 2033 1121 2054; x_wconf 77' lang='lat'><em>‘</em></span> 
     </span>
     <span class='ocr_line' id='line_1_20' title="bbox 187 2129 934 2191; baseline 0 -1"><span class='ocrx_word' id='word_1_114' title='bbox 187 2130 276 2191; x_wconf 89' lang='lat' dir='ltr'><strong>arbor</strong></span> <span class='ocrx_word' id='word_1_115' title='bbox 299 2139 328 2190; x_wconf 88' lang='lat' dir='ltr'><strong>et</strong></span> <span class='ocrx_word' id='word_1_116' title='bbox 350 2131 451 2191; x_wconf 93' lang='lat' dir='ltr'><strong>eiectis</strong></span> <span class='ocrx_word' id='word_1_117' title='bbox 473 2129 620 2190; x_wconf 89' lang='lat' dir='ltr'><strong>mendicat</strong></span> <span class='ocrx_word' id='word_1_118' title='bbox 642 2129 711 2190; x_wconf 84' lang='lat' dir='ltr'><strong>silva</strong></span> <span class='ocrx_word' id='word_1_119' title='bbox 735 2129 871 2190; x_wconf 83' lang='lat' dir='ltr'><strong>Camenis</strong></span> <span class='ocrx_word' id='word_1_120' title='bbox 892 2163 934 2174; x_wconf 90' lang='lat'><em>-</em></span> 
     </span>
    </p>

    <p class='ocr_par' dir='ltr' id='par_1_13' title="bbox 185 2213 950 2294">
     <span class='ocr_line' id='line_1_21' title="bbox 185 2213 950 2294; baseline -0.001 -18"><span class='ocrx_word' id='word_1_121' title='bbox 185 2215 216 2276; x_wconf 89' lang='lat' dir='ltr'><strong>in</strong></span> <span class='ocrx_word' id='word_1_122' title='bbox 240 2215 344 2276; x_wconf 91' lang='lat' dir='ltr'><strong>vallem</strong></span> <span class='ocrx_word' id='word_1_123' title='bbox 366 2215 490 2294; x_wconf 85' lang='lat' dir='ltr'><strong>Egeriae</strong></span> <span class='ocrx_word' id='word_1_124' title='bbox 513 2214 720 2275; x_wconf 87' lang='lat' dir='ltr'><strong>descendimus</strong></span> <span class='ocrx_word' id='word_1_125' title='bbox 742 2222 772 2274; x_wconf 90' lang='lat' dir='ltr'><strong>et</strong></span> <span class='ocrx_word' id='word_1_126' title='bbox 793 2213 950 2293; x_wconf 91' lang='lat' dir='ltr'><strong>speluncas</strong></span> 
     </span>
    </p>
   </div>
   <div class='ocr_carea' id='block_1_5' title="bbox 186 2415 1263 2649">
    <p class='ocr_par' dir='ltr' id='par_1_14' title="bbox 186 2415 1263 2649">
     <span class='ocr_line' id='line_1_22' title="bbox 274 2415 1263 2494; baseline -0.009 -15"><span class='ocrx_word' id='word_1_127' title='bbox 274 2423 332 2479; x_wconf 85' lang='lat'><strong>170</strong></span> <span class='ocrx_word' id='word_1_128' title='bbox 356 2437 445 2478; x_wconf 88' lang='lat' dir='ltr'><strong>mores</strong></span> <span class='ocrx_word' id='word_1_129' title='bbox 468 2437 538 2494; x_wconf 92' lang='lat' dir='ltr'><strong>quos</strong></span> <span class='ocrx_word' id='word_1_130' title='bbox 560 2420 605 2477; x_wconf 88' lang='lat' dir='ltr'><strong>dlii</strong></span> <span class='ocrx_word' id='word_1_131' title='bbox 627 2429 783 2478; x_wconf 88' lang='lat' dir='ltr'><strong>senatorum</strong></span> <span class='ocrx_word' id='word_1_132' title='bbox 805 2421 877 2477; x_wconf 84' lang='lat' dir='ltr'><strong>intra</strong></span> <span class='ocrx_word' id='word_1_133' title='bbox 900 2418 996 2478; x_wconf 88' lang='lat' dir='ltr'><strong>urbem</strong></span> <span class='ocrx_word' id='word_1_134' title='bbox 1017 2417 1132 2484; x_wconf 87' lang='lat' dir='ltr'><strong>hubent,</strong></span> <span class='ocrx_word' id='word_1_135' title='bbox 1157 2415 1263 2475; x_wconf 88' lang='lat' dir='ltr'><strong>obsides</strong></span> 
     </span>
     <span class='ocr_line' id='line_1_23' title="bbox 186 2500 1263 2581; baseline -0.005 -19"><span class='ocrx_word' id='word_1_136' title='bbox 186 2506 214 2562; x_wconf 93' lang='lat' dir='ltr'><strong>in</strong></span> <span class='ocrx_word' id='word_1_137' title='bbox 242 2505 297 2562; x_wconf 92' lang='lat' dir='ltr'><strong>suis</strong></span> <span class='ocrx_word' id='word_1_138' title='bbox 325 2507 418 2580; x_wconf 89' lang='lat' dir='ltr'><strong>patriis</strong></span> <span class='ocrx_word' id='word_1_139' title='bbox 446 2506 589 2563; x_wconf 85' lang='lat' dir='ltr'><strong>redeuntes</strong></span> <span class='ocrx_word' id='word_1_140' title='bbox 617 2515 771 2580; x_wconf 82' lang='lat' dir='ltr'><strong>reportant,</strong></span> <span class='ocrx_word' id='word_1_141' title='bbox 806 2523 875 2581; x_wconf 88' lang='lat' dir='ltr'><strong>quos</strong></span> <span class='ocrx_word' id='word_1_142' title='bbox 909 2507 991 2563; x_wconf 89' lang='lat' dir='ltr'><strong>ceteri</strong></span> <span class='ocrx_word' id='word_1_143' title='bbox 1022 2506 1094 2579; x_wconf 92' lang='lat' dir='ltr'><strong>apud</strong></span> <span class='ocrx_word' id='word_1_144' title='bbox 1116 2521 1146 2560; x_wconf 91' lang='lat' dir='ltr'><strong>se</strong></span> <span class='ocrx_word' id='word_1_145' title='bbox 1167 2500 1263 2577; x_wconf 86' lang='lat' dir='ltr'><strong>ephebi</strong></span> 
     </span>
     <span class='ocr_line' id='line_1_24' title="bbox 186 2591 795 2649; baseline 0 -1"><span class='ocrx_word' id='word_1_146' title='bbox 186 2591 298 2649; x_wconf 85' lang='lat' dir='ltr'><strong>discam.</strong></span> <span class='ocrx_word' id='word_1_147' title='bbox 386 2595 511 2648; x_wconf 82' lang='lat' dir='ltr'><strong>Artaxata</strong></span> <span class='ocrx_word' id='word_1_148' title='bbox 534 2592 623 2648; x_wconf 89' lang='lat' dir='ltr'><strong>civitas</strong></span> <span class='ocrx_word' id='word_1_149' title='bbox 647 2591 795 2648; x_wconf 81' lang='lat' dir='ltr'><strong>Armeniae.</strong></span> 
     </span>
    </p>
   </div>
   <div class='ocr_carea' id='block_1_6' title="bbox 185 2691 1265 3535">
    <p class='ocr_par' dir='ltr' id='par_1_15' title="bbox 185 2691 1265 3279">
     <span class='ocr_line' id='line_1_25' title="bbox 271 2691 1264 2766; baseline -0.002 -18"><span class='ocrx_word' id='word_1_150' title='bbox 271 2693 304 2748; x_wconf 95' lang='lat' dir='ltr'><strong>lll</strong></span> <span class='ocrx_word' id='word_1_151' title='bbox 342 2695 355 2749; x_wconf 91' lang='lat'>1</span> <span class='ocrx_word' id='word_1_152' title='bbox 386 2693 447 2766; x_wconf 91' lang='lat' dir='ltr'><strong>quia</strong></span> <span class='ocrx_word' id='word_1_153' title='bbox 476 2693 560 2749; x_wconf 84' lang='lat' dir='ltr'><strong>Roma</strong></span> <span class='ocrx_word' id='word_1_154' title='bbox 587 2691 681 2749; x_wconf 83' lang='lat' dir='ltr'><strong>relicta</strong></span> <span class='ocrx_word' id='word_1_155' title='bbox 709 2691 849 2750; x_wconf 90' lang='lat' dir='ltr'><strong>habiturus</strong></span> <span class='ocrx_word' id='word_1_156' title='bbox 882 2703 923 2749; x_wconf 86' lang='lat' dir='ltr'><strong>est</strong></span> <span class='ocrx_word' id='word_1_157' title='bbox 953 2693 1121 2766; x_wconf 81' lang='lat' dir='ltr'><strong>Campaniam</strong></span> <span class='ocrx_word' id='word_1_158' title='bbox 1153 2691 1264 2746; x_wconf 83' lang='lat' dir='ltr'><strong>hortatu</strong></span> 
     </span>
     <span class='ocr_line' id='line_1_26' title="bbox 187 2767 1264 2852; baseline -0.002 -19"><span class='ocrx_word' id='word_1_159' title='bbox 187 2793 268 2851; x_wconf 90' lang='lat' dir='ltr'><strong>quem</strong></span> <span class='ocrx_word' id='word_1_160' title='bbox 289 2777 419 2833; x_wconf 88' lang='lat' dir='ltr'><strong>luvenalis</strong></span> <span class='ocrx_word' id='word_1_161' title='bbox 441 2777 514 2833; x_wconf 88' lang='lat' dir='ltr'><strong>dicit.</strong></span> <span class='ocrx_word' id='word_1_162' title='bbox 628 2787 660 2834; x_wconf 88' lang='lat' dir='ltr'><strong>ut</strong></span> <span class='ocrx_word' id='word_1_163' title='bbox 681 2777 805 2851; x_wconf 85' lang='lat' dir='ltr'><strong>Virgilius</strong></span> <span class='ocrx_word' id='word_1_164' title='bbox 828 2776 907 2852; x_wconf 76' lang='lat' dir='ltr'><strong>[Aeo.</strong></span> <span class='ocrx_word' id='word_1_165' title='bbox 922 2781 950 2844; x_wconf 89' lang='lat'><strong>3,</strong></span> <span class='ocrx_word' id='word_1_166' title='bbox 968 2777 1041 2852; x_wconf 84' lang='lat'>482]</span> <span class='ocrx_word' id='word_1_167' title='bbox 1061 2767 1196 2851; x_wconf 75' lang='lat' dir='ltr'><strong>‘digressu</strong></span> <span class='ocrx_word' id='word_1_168' title='bbox 1217 2793 1264 2832; x_wconf 89' lang='lat' dir='ltr'><strong>su·</strong></span> 
     </span>
     <span class='ocr_line' id='line_1_27' title="bbox 185 2848 1263 2936; baseline 0 -20"><span class='ocrx_word' id='word_1_169' title='bbox 185 2848 308 2936; x_wconf 85' lang='lat' dir='ltr'><strong>premo‘.</strong></span> <span class='ocrx_word' id='word_1_170' title='bbox 418 2863 436 2919; x_wconf 88' lang='grc'><strong>3</strong></span> <span class='ocrx_word' id='word_1_171' title='bbox 460 2861 523 2936; x_wconf 87' lang='lat' dir='ltr'><strong>quia</strong></span> <span class='ocrx_word' id='word_1_172' title='bbox 545 2861 643 2935; x_wconf 81' lang='lat' dir='ltr'><strong>Sibylla</strong></span> <span class='ocrx_word' id='word_1_173' title='bbox 667 2863 783 2919; x_wconf 89' lang='lat' dir='ltr'><strong>Cumana</strong></span> <span class='ocrx_word' id='word_1_174' title='bbox 804 2863 865 2920; x_wconf 86' lang='lat' dir='ltr'><strong>tuit.</strong></span> <span class='ocrx_word' id='word_1_175' title='bbox 964 2866 998 2921; x_wconf 89' lang='lat'><strong>11</strong></span> <span class='ocrx_word' id='word_1_176' title='bbox 1025 2863 1099 2919; x_wconf 87' lang='lat' dir='ltr'><strong>stetit</strong></span> <span class='ocrx_word' id='word_1_177' title='bbox 1120 2869 1263 2936; x_wconf 87' lang='lat' dir='ltr'><strong>expectans</strong></span> 
     </span>
     <span class='ocr_line' id='line_1_28' title="bbox 187 2945 1264 3022; baseline -0.001 -19"><span class='ocrx_word' id='word_1_178' title='bbox 187 2947 310 3012; x_wconf 90' lang='lat' dir='ltr'><strong>raedam,</strong></span> <span class='ocrx_word' id='word_1_179' title='bbox 340 2945 386 3004; x_wconf 93' lang='lat' dir='ltr'><strong>ubi</strong></span> <span class='ocrx_word' id='word_1_180' title='bbox 415 2946 505 3004; x_wconf 85' lang='lat' dir='ltr'><strong>solent</strong></span> <span class='ocrx_word' id='word_1_181' title='bbox 534 2947 712 3022; x_wconf 87' lang='lat' dir='ltr'><strong>proconsules</strong></span> <span class='ocrx_word' id='word_1_182' title='bbox 740 2947 843 3012; x_wconf 86' lang='lat' dir='ltr'><strong>iurare,</strong></span> <span class='ocrx_word' id='word_1_183' title='bbox 875 2949 902 3004; x_wconf 91' lang='lat' dir='ltr'><strong>in</strong></span> <span class='ocrx_word' id='word_1_184' title='bbox 932 2949 973 3005; x_wconf 90' lang='lat' dir='ltr'><strong>via</strong></span> <span class='ocrx_word' id='word_1_185' title='bbox 995 2948 1080 3022; x_wconf 80' lang='lat' dir='ltr'><strong>Appia</strong></span> <span class='ocrx_word' id='word_1_186' title='bbox 1102 2947 1135 3004; x_wconf 89' lang='lat' dir='ltr'><strong>ad</strong></span> <span class='ocrx_word' id='word_1_187' title='bbox 1157 2955 1264 3021; x_wconf 87' lang='lat' dir='ltr'><strong>portam</strong></span> 
     </span>
     <span class='ocr_line' id='line_1_29' title="bbox 189 3031 1265 3106; baseline 0 -18"><span class='ocrx_word' id='word_1_188' title='bbox 189 3032 330 3106; x_wconf 88' lang='lat' dir='ltr'><strong>Capenam.</strong></span> <span class='ocrx_word' id='word_1_189' title='bbox 353 3031 380 3088; x_wconf 93' lang='lat' dir='ltr'><strong>id</strong></span> <span class='ocrx_word' id='word_1_190' title='bbox 402 3033 498 3091; x_wconf 87' lang='lat' dir='ltr'><strong>estad</strong></span> <span class='ocrx_word' id='word_1_191' title='bbox 520 3033 656 3090; x_wconf 87' lang='lat' dir='ltr'><strong>Camenas.</strong></span> <span class='ocrx_word' id='word_1_192' title='bbox 780 3033 912 3091; x_wconf 87' lang='lat' dir='ltr'><strong>madidam</strong></span> <span class='ocrx_word' id='word_1_193' title='bbox 934 3033 994 3090; x_wconf 92' lang='lat' dir='ltr'><strong>ideo</strong></span> <span class='ocrx_word' id='word_1_194' title='bbox 1018 3031 1080 3106; x_wconf 90' lang='lat' dir='ltr'><strong>qnia</strong></span> <span class='ocrx_word' id='word_1_195' title='bbox 1102 3048 1184 3106; x_wconf 91' lang='lat' dir='ltr'><strong>supra</strong></span> <span class='ocrx_word' id='word_1_196' title='bbox 1206 3049 1265 3089; x_wconf 89' lang='lat' dir='ltr'><strong>eam</strong></span> 
     </span>
     <span class='ocr_line' id='line_1_30' title="bbox 188 3117 1265 3193; baseline 0 -20"><span class='ocrx_word' id='word_1_197' title='bbox 188 3117 372 3191; x_wconf 87' lang='lat' dir='ltr'><strong>aquaeductus</strong></span> <span class='ocrx_word' id='word_1_198' title='bbox 400 3128 455 3182; x_wconf 84' lang='lat' dir='ltr'><strong>est,</strong></span> <span class='ocrx_word' id='word_1_199' title='bbox 485 3135 566 3193; x_wconf 90' lang='lat' dir='ltr'><strong>quem</strong></span> <span class='ocrx_word' id='word_1_200' title='bbox 594 3135 668 3176; x_wconf 92' lang='lat' dir='ltr'><strong>uunc</strong></span> <span class='ocrx_word' id='word_1_201' title='bbox 695 3119 831 3193; x_wconf 88' lang='lat' dir='ltr'><strong>appellant</strong></span> <span class='ocrx_word' id='word_1_202' title='bbox 851 3136 944 3178; x_wconf 89' lang='lat' dir='ltr'><strong>arcum</strong></span> <span class='ocrx_word' id='word_1_203' title='bbox 966 3118 1119 3176; x_wconf 86' lang='lat' dir='ltr'><strong>stillantem.</strong></span> <span class='ocrx_word' id='word_1_204' title='bbox 1147 3117 1265 3192; x_wconf 90' lang='lat' dir='ltr'><strong>primum</strong></span> 
     </span>
     <span class='ocr_line' id='line_1_31' title="bbox 189 3202 1265 3279; baseline 0.001 -21"><span class='ocrx_word' id='word_1_205' title='bbox 189 3203 260 3258; x_wconf 87' lang='lat' dir='ltr'><strong>enim</strong></span> <span class='ocrx_word' id='word_1_206' title='bbox 282 3219 369 3276; x_wconf 90' lang='lat' dir='ltr'><strong>usque</strong></span> <span class='ocrx_word' id='word_1_207' title='bbox 392 3203 489 3260; x_wconf 89' lang='lat' dir='ltr'><strong>ibidem</strong></span> <span class='ocrx_word' id='word_1_208' title='bbox 511 3203 623 3260; x_wconf 84' lang='lat' dir='ltr'><strong>luerunt</strong></span> <span class='ocrx_word' id='word_1_209' title='bbox 643 3212 748 3278; x_wconf 86' lang='lat' dir='ltr'><strong>portae.</strong></span> <span class='ocrx_word' id='word_1_210' title='bbox 845 3207 881 3262; x_wconf 88' lang='lat'><strong>12</strong></span> <span class='ocrx_word' id='word_1_211' title='bbox 904 3204 1014 3277; x_wconf 80' lang='lat' dir='ltr'><strong>Egeriae</strong></span> <span class='ocrx_word' id='word_1_212' title='bbox 1037 3202 1169 3279; x_wconf 88' lang='lat' dir='ltr'><strong>nymphae</strong></span> <span class='ocrx_word' id='word_1_213' title='bbox 1191 3202 1265 3260; x_wconf 86' lang='lat' dir='ltr'><strong>dicit.</strong></span> 
     </span>
    </p>

    <p class='ocr_par' dir='ltr' id='par_1_16' title="bbox 188 3287 1265 3535">
     <span class='ocr_line' id='line_1_32' title="bbox 278 3287 1265 3362; baseline 0 -18"><span class='ocrx_word' id='word_1_214' title='bbox 278 3289 314 3344; x_wconf 83' lang='lat'><strong>16</strong></span> <span class='ocrx_word' id='word_1_215' title='bbox 348 3287 447 3361; x_wconf 88' lang='lat' dir='ltr'><strong>templa</strong></span> <span class='ocrx_word' id='word_1_216' title='bbox 476 3287 649 3345; x_wconf 78' lang='lat' dir='ltr'><strong>Camenarum</strong></span> <span class='ocrx_word' id='word_1_217' title='bbox 679 3290 781 3346; x_wconf 89' lang='lat' dir='ltr'><strong>ludaeis</strong></span> <span class='ocrx_word' id='word_1_218' title='bbox 808 3288 976 3347; x_wconf 87' lang='lat' dir='ltr'><strong>locabantur.</strong></span> <span class='ocrx_word' id='word_1_219' title='bbox 1110 3292 1146 3347; x_wconf 85' lang='lat'><strong>17</strong></span> <span class='ocrx_word' id='word_1_220' title='bbox 1170 3289 1265 3362; x_wconf 84' lang='lat' dir='ltr'><strong>Egeria</strong></span> 
     </span>
     <span class='ocr_line' id='line_1_33' title="bbox 189 3372 1265 3449; baseline 0.001 -20"><span class='ocrx_word' id='word_1_221' title='bbox 189 3372 304 3448; x_wconf 87' lang='lat' dir='ltr'><strong>nympha</strong></span> <span class='ocrx_word' id='word_1_222' title='bbox 328 3390 396 3447; x_wconf 88' lang='lat' dir='ltr'><strong>quae</strong></span> <span class='ocrx_word' id='word_1_223' title='bbox 419 3373 558 3430; x_wconf 87' lang='lat' dir='ltr'><strong>colebatur</strong></span> <span class='ocrx_word' id='word_1_224' title='bbox 580 3373 607 3428; x_wconf 93' lang='lat' dir='ltr'><strong>iu</strong></span> <span class='ocrx_word' id='word_1_225' title='bbox 631 3374 738 3431; x_wconf 85' lang='lat' dir='ltr'><strong>hricino</strong></span> <span class='ocrx_word' id='word_1_226' title='bbox 760 3374 836 3439; x_wconf 88' lang='lat' dir='ltr'><strong>lacu,</strong></span> <span class='ocrx_word' id='word_1_227' title='bbox 860 3391 921 3432; x_wconf 88' lang='lat' dir='ltr'><strong>cum</strong></span> <span class='ocrx_word' id='word_1_228' title='bbox 944 3391 996 3449; x_wconf 93' lang='lat' dir='ltr'><strong>qua</strong></span> <span class='ocrx_word' id='word_1_229' title='bbox 1019 3375 1104 3431; x_wconf 89' lang='lat' dir='ltr'><strong>Numa</strong></span> <span class='ocrx_word' id='word_1_230' title='bbox 1126 3383 1154 3432; x_wconf 89' lang='lat' dir='ltr'><strong>et</strong></span> <span class='ocrx_word' id='word_1_231' title='bbox 1176 3389 1265 3430; x_wconf 90' lang='lat' dir='ltr'><strong>conu-</strong></span> 
     </span>
     <span class='ocr_line' id='line_1_34' title="bbox 188 3457 1264 3535; baseline 0.001 -21"><span class='ocrx_word' id='word_1_232' title='bbox 188 3457 264 3514; x_wconf 90' lang='lat' dir='ltr'><strong>bium</strong></span> <span class='ocrx_word' id='word_1_233' title='bbox 286 3467 313 3515; x_wconf 85' lang='lat' dir='ltr'><strong>et</strong></span> <span class='ocrx_word' id='word_1_234' title='bbox 343 3459 509 3534; x_wconf 88' lang='lat' dir='ltr'><strong>colloquium</strong></span> <span class='ocrx_word' id='word_1_235' title='bbox 537 3476 566 3515; x_wconf 87' lang='lat' dir='ltr'><strong>se</strong></span> <span class='ocrx_word' id='word_1_236' title='bbox 595 3457 694 3516; x_wconf 88' lang='lat' dir='ltr'><strong>habere</strong></span> <span class='ocrx_word' id='word_1_237' title='bbox 721 3461 853 3517; x_wconf 86' lang='lat' dir='ltr'><strong>simulavit</strong></span> <span class='ocrx_word' id='word_1_238' title='bbox 881 3477 963 3534; x_wconf 89' lang='lat' dir='ltr'><strong>super</strong></span> <span class='ocrx_word' id='word_1_239' title='bbox 990 3459 1066 3517; x_wconf 86' lang='lat' dir='ltr'><strong>cultu</strong></span> <span class='ocrx_word' id='word_1_240' title='bbox 1094 3460 1264 3535; x_wconf 85' lang='lat' dir='ltr'><strong>religionum,</strong></span> 
     </span>
    </p>
   </div>
   <div class='ocr_carea' id='block_1_7' title="bbox 187 3544 1266 3684">
    <p class='ocr_par' dir='ltr' id='par_1_17' title="bbox 187 3544 1266 3684">
     <span class='ocr_line' id='line_1_35' title="bbox 190 3544 1266 3682; baseline 0.003 -84"><span class='ocrx_word' id='word_1_241' title='bbox 190 3559 246 3682; x_wconf 75' lang='lat' dir='ltr'><strong>quql</strong></span> <span class='ocrx_word' id='word_1_242' title='bbox 268 3559 403 3602; x_wconf 89' lang='lat' dir='ltr'><strong>armorum</strong></span> <span class='ocrx_word' id='word_1_243' title='bbox 426 3553 454 3601; x_wconf 86' lang='lat' dir='ltr'><strong>et</strong></span> <span class='ocrx_word' id='word_1_244' title='bbox 474 3560 581 3619; x_wconf 78' lang='lat' dir='ltr'><strong>pugnae</strong></span> <span class='ocrx_word' id='word_1_245' title='bbox 603 3545 693 3602; x_wconf 88' lang='lat' dir='ltr'><strong>studio</strong></span> <span class='ocrx_word' id='word_1_246' title='bbox 716 3544 872 3620; x_wconf 84' lang='lat' dir='ltr'><strong>flagrantem</strong></span> <span class='ocrx_word' id='word_1_247' title='bbox 888 3545 1021 3619; x_wconf 91' lang='lat' dir='ltr'><strong>populum</strong></span> <span class='ocrx_word' id='word_1_248' title='bbox 1036 3546 1185 3603; x_wconf 84' lang='lat' dir='ltr'><strong>homanum</strong></span> <span class='ocrx_word' id='word_1_249' title='bbox 1200 3544 1266 3601; x_wconf 90' lang='lat' dir='ltr'><strong>abs-</strong></span> 
     </span>
     <span class='ocr_line' id='line_1_36' title="bbox 187 3634 314 3684; baseline 0.008 -1"><span class='ocrx_word' id='word_1_250' title='bbox 187 3634 228 3683; x_wconf 82' lang='lat' dir='ltr'><strong>tre</strong></span> <span class='ocrx_word' id='word_1_251' title='bbox 247 3636 314 3684; x_wconf 85' lang='lat' dir='ltr'><strong>aret.</strong></span> 
     </span>
    </p>
   </div>
   <div class='ocr_carea' id='block_1_8' title="bbox 189 3824 1264 4029">
    <p class='ocr_par' dir='ltr' id='par_1_18' title="bbox 189 3824 1264 4029">
     <span class='ocr_line' id='line_1_37' title="bbox 273 3824 1264 3892; baseline 0.005 -17"><span class='ocrx_word' id='word_1_252' title='bbox 273 3824 304 3876; x_wconf 94' lang='lat' dir='ltr'><strong>lll</strong></span> <span class='ocrx_word' id='word_1_253' title='bbox 325 3839 403 3892; x_wconf 88' lang='lat' dir='ltr'><strong>quare</strong></span> <span class='ocrx_word' id='word_1_254' title='bbox 422 3827 561 3878; x_wconf 88' lang='lat' dir='ltr'><strong>umbricius</strong></span> <span class='ocrx_word' id='word_1_255' title='bbox 579 3828 668 3879; x_wconf 88' lang='lat' dir='ltr'><strong>urbem</strong></span> <span class='ocrx_word' id='word_1_256' title='bbox 686 3827 788 3880; x_wconf 84' lang='lat' dir='ltr'><strong>deserat</strong></span> <span class='ocrx_word' id='word_1_257' title='bbox 806 3830 900 3880; x_wconf 75' lang='lat' dir='ltr'><strong>titulus</strong></span> <span class='ocrx_word' id='word_1_258' title='bbox 916 3831 946 3879; x_wconf 82' lang='lat' dir='ltr'><strong>in</strong></span> <span class='ocrx_word' id='word_1_259' title='bbox 964 3830 987 3879; x_wconf 87' lang='lat' dir='ltr'><em>P</em></span> <span class='ocrx_word' id='word_1_260' title='bbox 1074 3832 1088 3881; x_wconf 87' lang='lat'><strong>5</strong></span> <span class='ocrx_word' id='word_1_261' title='bbox 1108 3828 1264 3881; x_wconf 83' lang='lat' dir='ltr'><strong>subumbrae</strong></span> 
     </span>
     <span class='ocr_line' id='line_1_38' title="bbox 189 3894 1264 3959; baseline 0.002 -14"><span class='ocrx_word' id='word_1_262' title='bbox 189 3894 257 3959; x_wconf 72' lang='lat' dir='ltr'><strong>Pyrr.</strong></span> <span class='ocrx_word' id='word_1_263' title='bbox 343 3896 406 3944; x_wconf 83' lang='lat' dir='ltr'><strong>unta</strong></span> <span class='ocrx_word' id='word_1_264' title='bbox 425 3896 457 3946; x_wconf 81' lang='lat'><strong>12</strong></span> <span class='ocrx_word' id='word_1_265' title='bbox 476 3896 601 3946; x_wconf 76' lang='lat' dir='ltr'><strong>laeenam</strong></span> <span class='ocrx_word' id='word_1_266' title='bbox 617 3895 756 3947; x_wconf 80' lang='lat' dir='ltr'><strong>indicarat</strong></span> <span class='ocrx_word' id='word_1_267' title='bbox 773 3911 833 3948; x_wconf 82' lang='lat' dir='ltr'><strong>eum</strong></span> <span class='ocrx_word' id='word_1_268' title='bbox 850 3895 992 3948; x_wconf 73' lang='lat' dir='ltr'><strong>hierachia</strong></span> <span class='ocrx_word' id='word_1_269' title='bbox 1011 3900 1038 3947; x_wconf 86' lang='lat' dir='ltr'><strong>et</strong></span> <span class='ocrx_word' id='word_1_270' title='bbox 1057 3899 1157 3950; x_wconf 78' lang='lat'>17-20</span> <span class='ocrx_word' id='word_1_271' title='bbox 1176 3900 1264 3948; x_wconf 77' lang='lat' dir='ltr'><strong>trans·</strong></span> 
     </span>
     <span class='ocr_line' id='line_1_39' title="bbox 189 3961 740 4029; baseline 0.004 -17"><span class='ocrx_word' id='word_1_272' title='bbox 189 3965 318 4026; x_wconf 74' lang='lat' dir='ltr'><strong>poetam-at</strong></span> <span class='ocrx_word' id='word_1_273' title='bbox 334 3961 446 4012; x_wconf 77' lang='lat' dir='ltr'><strong>Iahnius</strong></span> <span class='ocrx_word' id='word_1_274' title='bbox 518 3964 549 4014; x_wconf 85' lang='grc'><strong>16</strong></span> <span class='ocrx_word' id='word_1_275' title='bbox 567 3962 656 4014; x_wconf 88' lang='lat' dir='ltr'><strong>electis</strong></span> <span class='ocrx_word' id='word_1_276' title='bbox 673 3964 740 4029; x_wconf 84' lang='lat' dir='ltr'><strong>Ppr.</strong></span> 
     </span>
    </p>
   </div>
   <div class='ocr_carea' id='block_1_9' title="bbox 0 0 1417 4442">
    <p class='ocr_par' dir='ltr' id='par_1_19' title="bbox 0 0 1417 4442">
     <span class='ocr_line' id='line_1_40' title="bbox 0 0 1417 4442; baseline 0 0"><span class='ocrx_word' id='word_1_277' title='bbox 0 0 1417 4442; x_wconf 95' lang='lat' dir='ltr'><strong> </strong></span> 
     </span>
    </p>
   </div>
  </div>
 </body>
</html>
