2792 4444
551 211 646 264 LIBER
664 213 674 266 l
710 213 842 267 SATVRA
860 215 871 267 l

176 385 363 463 instituitque
386 385 475 445 rudes
497 384 602 445 melior
623 384 752 445 Lucusta
775 386 960 484 propinquas

176 488 231 550 per
253 471 360 533 lamam
382 481 412 530 et
434 470 578 549 populum
601 469 703 547 nigros
669 459 832 531 efferre
854 471 983 533 maritos.

176 557 251 616 ande
273 555 384 633 aliquid
406 554 545 616 brevibus
569 554 671 634 Gyaris
694 561 723 615 et
746 573 865 616 carcere
887 556 1022 635 dignum,

177 641 200 702 si
222 641 266 701 vis
288 659 352 701 esso
375 639 495 718 aliquid.
539 638 671 718 probitas
691 639 830 701 laudatur
851 649 880 701 et
901 641 987 720 alget
1049 716 1050 725 χ

177 725 351 786 criminibus
374 724 484 785 debent
505 725 608 785 hortos
629 724 777 808 praetoria
800 743 917 787 mensas

176 819 333 890 argentum
356 817 403 870 vet
404 829 439 870 us
463 817 493 870 et
513 818 641 870 stantem
664 817 745 869 extra
768 811 875 890 pocula
897 829 1094 907 caprum.

176 914 265 975 quem
289 895 401 975 patitur
423 894 553 955 dormire
576 883 670 955 nurus
693 893 854 974 corruptor
875 913 986 971 avarae,
1188 952 1192 968 .

176 999 265 1078 quem
287 997 415 1059 sponsae
437 987 541 1058 turpes
564 987 593 1040 et
614 987 815 1059 praetextatus
837 980 974 1042 adulter?
1080 967 1155 1030 *wi
1183 961 1359 1064 'phem'

176 1067 201 1127 si
224 1074 329 1126 natura
351 1072 450 1144 negat,
473 1064 543 1125 lacit
563 1064 728 1143 indignatio
751 1083 869 1126 versum
1249 1097 1256 1102 -

175 1149 422 1229 qualemcumque
445 1156 631 1229 potesta
575 1145 675 1228 qu‘ales
698 1169 753 1228 ego
775 1150 821 1210 vel
844 1149 1010 1217 Cluuienus

217 1253 253 1295 en
275 1253 335 1313 quo
357 1234 517 1296 Deucalion
542 1234 650 1295 nimbis
671 1235 844 1317 tollentibus
865 1253 977 1314 aequor

175 1319 291 1397 navigio
313 1330 446 1380 montem
469 1319 602 1381 ascendit
623 1327 779 1398 sortesque
800 1321 937 1399 poposcit

173 1405 374 1483 paulatimque
396 1405 492 1465 anima
516 1405 673 1466 caluerunt
694 1405 792 1465 mollia
815 1423 884 1466 saxa

173 1499 203 1549 et
224 1489 355 1550 maribus
377 1491 471 1551 nudas
493 1488 623 1550 ostendit
645 1489 757 1568 Pyrrha
780 1489 902 1568 puellas,

174 1575 315 1653 quidquid
339 1583 432 1654 agunt
452 1575 598 1649 hominos,
620 1582 721 1635 votum
744 1575 833 1635 timor
855 1575 899 1635 ira
921 1575 1056 1656 voluptas
1216 1587 1246 1638 85

173 1661 277 1737 gaudia
300 1658 461 1730 discursus,
486 1661 579 1721 nostri
601 1660 717 1738 farrago
741 1659 831 1721 libelli
853 1670 907 1722 est.
1111 1692 1122 1720 e

173 1754 202 1804 et
223 1745 342 1823 quando
365 1744 487 1805 uberior
508 1746 646 1805 vitiorum
669 1743 775 1824 eopia?
798 1747 916 1824 quando
1021 1807 1035 1828 „-
1053 1804 1056 1813 ,
1072 1741 1095 1772 ⁰

173 1829 268 1889 maior
290 1829 424 1889 avaritiae
448 1830 542 1907 patuit
563 1827 669 1889 sinus?
691 1829 753 1889 alea
776 1831 895 1908 quando

173 1914 227 1974 bos
250 1911 387 1974 animosi
410 1931 509 1992 neque
532 1931 612 1974 enrm
633 1913 740 1973 loculis
761 1914 971 1976 comitantibus
993 1915 1054 1976 itur
1096 1910 1111 1929 ”

172 1998 207 2059 ad
231 2015 331 2060 casum
354 1997 479 2072 tabulae
489 1998 598 2077 posita
620 1996 672 2059 sed
694 1997 807 2058 luditur
827 2016 903 2059 arca.

171 2068 285 2181 proelia
308 2093 418 2162 quanta
442 2083 502 2144 illie
524 2083 728 2163 dispensatore
750 2082 861 2144 videbis

172 2169 330 2248 armigero.
374 2169 539 2249 simplexne
561 2169 647 2229 luror
668 2169 803 2230 sestertia
824 2177 944 2230 centum

171 2256 296 2332 perdere
319 2264 349 2314 et
369 2254 506 2315 horrenti
527 2253 658 2314 tunicam
683 2272 746 2314 non
769 2253 893 2315 reddere
915 2251 1024 2315 servo?

172 2338 239 2415 quis
262 2337 385 2399 totidem
408 2338 503 2398 erexit
524 2337 615 2410 villas,
639 2337 705 2414 quis
727 2333 841 2400 fercula
860 2347 974 2417 septem

1198 1791 1207 1798 .
1238 1777 1268 1800 ’1

1208 1808 1232 1841 [rr

258 2511 293 2567 71
320 2509 438 2566 Lucusta
460 2507 589 2581 quaedam
611 2507 664 2564 init
685 2507 712 2563 in
735 2507 826 2564 Galliis
853 2517 975 2564 matrona
1004 2507 1135 2572 venefica,
1165 2526 1244 2583 quarn

170 2595 239 2652 Nero
262 2592 382 2650 exhibuit
403 2593 436 2649 ad
457 2609 487 2650 se
508 2602 622 2667 propter
642 2609 744 2650 venena
766 2592 947 2657 conficienda,
980 2591 1106 2668 quoniam
1133 2610 1245 2668 magnae

169 2679 253 2736 lamae
275 2689 341 2738 erat.
370 2695 449 2753 qnam
478 2679 556 2736 etiarn
577 2679 605 2734 in
626 2678 803 2736 familiaritate
824 2695 873 2735 sna
894 2677 999 2743 habuit.
1029 2686 1061 2734 ut
1082 2677 1161 2735 etiam
1183 2695 1244 2735 eum

170 2765 279 2822 doceret
305 2781 407 2822 venena
428 2764 550 2821 miseere.
577 2763 640 2821 inde
666 2764 704 2820 ait
726 2765 832 2821 Turnus
859 2763 887 2819 in
915 2772 1006 2821 satura
1031 2753 1077 2820 ‘ex
1098 2781 1153 2838 quo
1176 2764 1244 2821 Cae-

168 2866 257 2907 sareas
279 2849 388 2907 suboles
402 2850 518 2906 Lucusta
542 2849 637 2906 cecidit
658 2849 765 2906 horrida
788 2866 852 2906 cura
873 2850 915 2907 sui
930 2866 1011 2906 verna
1029 2858 1094 2906 nota
1108 2841 1243 2910 Neronis.

168 2936 233 2992 haec
254 2934 410 3010 increpitata
431 2935 583 3000 aNerone,
607 2935 681 3009 quod
703 2935 806 2992 lentum
829 2951 960 2991 venenum
974 2934 1126 2991 Britannico
1148 2952 1243 3009 paras·

168 3030 218 3084 set,
242 3028 296 3076 tarn
317 3020 410 3077 efficax
434 3019 515 3085 dedit,
540 3027 571 3076 nt
591 3029 734 3093 antequam
755 3019 883 3093 poculum
898 3019 1066 3076 Britannicus
1081 3019 1241 3085 exhauriret,

168 3105 195 3159 in
218 3103 339 3160 convivio
356 3103 469 3163 hieronis
492 3104 632 3178 expiraret.
718 3103 885 3178 propinquas
908 3103 971 3159 dicit
994 3113 1127 3177 tamquam
1148 3120 1161 3160 a
1185 3105 1242 3160 hn-

169 3191 243 3244 cusla
265 3187 368 3245 doctas.
398 3188 506 3263 qnidam
527 3205 625 3245 uxores
648 3188 752 3244 dicunt.
884 3190 923 3246 73
946 3188 1033 3245 insula
1054 3189 1103 3246 ubi
1125 3187 1242 3246 damnati

167 3271 350 3330 mittebantur.
439 3275 478 3332 76
495 3273 558 3331 dicit
571 3272 759 3330 emblematum
774 3290 902 3347 opus·
943 3276 981 3333 80
1000 3273 1142 3331 Cluuienus
1165 3274 1240 3332 dele-

166 3375 213 3416 rus
236 3366 316 3433 poete
340 3356 381 3414 vel
402 3357 537 3415 indoctus.
624 3359 663 3416 82
680 3374 695 3413 a
710 3358 843 3425 Themide,
867 3377 936 3434 quae
950 3368 1012 3416 ante
1027 3359 1179 3457 Apollinem
1194 3375 1241 3414 re-

168 3461 267 3540 sponsa
282 3443 371 3500 dabat.
459 3444 497 3503 83
514 3441 603 3500 mollia
624 3459 694 3501 sana.
716 3444 888 3518 utVirgilius
909 3444 947 3517 [q.
967 3447 992 3508 1,
1011 3442 1062 3516 63]
1080 3433 1166 3499 ‘unde
1186 3442 1241 3500 ho-

166 3531 251 3588 mines
279 3529 351 3594 nati,
382 3529 480 3585 durum
508 3517 614 3603 genus’.
645 3541 672 3586 et
699 3529 743 3586 hic
771 3546 819 3604 per
848 3545 1010 3586 eonsensum
1038 3528 1156 3586 ostendit
1182 3544 1241 3587 esse

166 3614 344 3672 durissimum.
439 3615 477 3674 89
501 3613 619 3688 enlipsis,
642 3614 802 3672 subauditur
822 3614 923 3671 habuit.
1023 3616 1062 3672 92
1084 3614 1241 3688 metaphora

167 3715 181 3754 a
204 3699 374 3758 bellantibus.
396 3700 424 3756 id
447 3709 489 3757 est
511 3701 558 3774 qui
579 3715 650 3756 arms
674 3699 786 3774 praebet
809 3710 921 3756 tesseras
944 3707 971 3755 et
992 3698 1118 3756 tabulam.
1141 3702 1240 3774 etipse

166 3793 207 3842 est
222 3786 269 3859 qui
282 3801 405 3842 nummos
421 3786 458 3842 ob
473 3787 587 3861 pignora
599 3795 700 3860 portat.
788 3787 827 3843 93
844 3786 973 3843 horrenti.
997 3785 1130 3849 trementi,
1154 3786 1238 3842 nudo.

252 3967 285 4019 83
303 3968 362 4032 qne]
382 3983 430 4032 qe·
451 3970 474 4018 P
541 3971 572 4021 85
590 3966 666 4020 11ιιιοι
685 3981 735 4019 om.
754 3966 853 4018 Pedd.
868 3982 888 4032 p
961 3969 993 4019 89
1010 3965 1103 4017 loculis
1120 3967 1186 4031 Ppr.

1001 4053 1033 4101 5*
