2792 4444
200 156 240 216 10
686 158 791 212 PERSll

199 330 283 392 nilne
305 329 397 411 pudet
419 330 507 410 capiti
529 348 590 391 non
614 349 701 410 posse
723 331 853 410 pericula
875 349 951 393 cano

195 414 324 518 pellere,
343 416 415 494 quin
439 416 570 494 tepidum
593 416 651 476 hoo
674 424 758 494 optes
781 417 882 477 audire
898 405 1095 478 ‘decenter‘l
1341 493 1349 504 ⁸

210 501 258 560 fur
280 519 312 562 es
350 502 392 562 ait
413 501 513 562 Pedio.
558 501 666 562 Pedius
689 498 781 600 quid?
804 501 928 562 crimina
950 501 1024 563 rasis
1247 513 1278 565 85

92 569 316 726 Wlibm
309 605 339 646 ιιι
363 586 524 658 antithetis,
547 587 648 647 doctas
671 587 806 665 posuisse
827 588 937 664 figuras
1103 596 1105 602 ’

173 670 346 745 claudatur,
365 663 489 732 ‘bellum
513 669 595 732 boc'.
640 671 698 732 hoc
715 661 924 760 belluml‘am
946 671 1083 746 Romule,
1107 669 1213 734 ceres?

71 723 268 832 ttffi‘men
291 746 561 836 moveatr‘quippe
584 764 614 817 et
635 743 737 817 cantet
755 757 780 818 si
803 757 972 833 naufragus,
996 774 1091 818 assem

28 837 86 914 W
186 839 398 920 protulerim?
422 851 532 914 cantas,
556 859 623 902 cum
646 842 788 902 tractate
811 843 842 903 in
865 841 948 902 trabe
970 841 1083 921 pictum
1104 783 1243 970 ff

28 875 162 1024 pesth!
199 944 361 986 enumero
384 924 633 1023 porteslverum
657 945 713 987 nec
736 935 981 1007 nocteparatum
1104 909 1198 1026 ἳυμ
1247 934 1278 986 90

199 1010 337 1090 plorabit,
360 1011 411 1090 qui
434 1030 482 1071 me
504 1011 610 1072 volet
603 1025 771 1073 incurvasse
795 1011 935 1092 querella.

237 1092 304 1156 ‘sed
329 1097 462 1157 numeris
484 1097 574 1157 decor
596 1105 640 1158 est
662 1106 691 1158 et
713 1098 850 1158 iunctura
873 1097 969 1158 addita
992 1097 1101 1158 crudis

200 1181 342 1241 claudere
365 1181 407 1242 sic
429 1199 546 1243 versum
568 1179 694 1244 didicit‘
699 1175 907 1263 ‘Berecyntius
929 1172 1027 1243 Attis''

201 1262 256 1326 et‘
260 1258 325 1345 ‘qui
348 1267 516 1328 caeruleum
538 1267 695 1328 dirimebat
716 1268 811 1328 Nerea
834 1264 978 1347 delphin”
979 1311 988 1339 ‚

201 1454 323 1530 ephebus
345 1457 402 1513 sine
430 1454 499 1531 pilis.
609 1458 647 1516 85
671 1457 768 1514 Pedius
797 1457 902 1531 quidam
925 1456 971 1513 illo
994 1464 1116 1530 tempore
1138 1456 1277 1513 damnatus

199 1550 242 1597 est
262 1542 438 1616 pecuniarum
460 1540 679 1614 repetundarum.
717 1543 760 1598 cui
782 1559 843 1598 cum
862 1542 996 1599 obiectum
1011 1549 1083 1599 esset
1096 1539 1276 1606 latrocinium,

198 1642 254 1681 non
284 1643 313 1682 se
339 1625 448 1682 fortiter
474 1626 665 1700 respondendo
694 1628 834 1701 purgavit,
868 1627 915 1684 sed
943 1643 976 1684 ex
997 1626 1193 1702 compositione
1214 1640 1279 1681 ver-

197 1727 277 1766 suum
299 1710 417 1767 favorem
439 1710 592 1784 quaerebat,
616 1710 709 1784 liguris
732 1712 879 1769 dictionum
901 1712 1028 1774 serviens,
1052 1727 1165 1768 securus
1188 1709 1277 1767 crimi-

197 1811 263 1852 num
285 1796 460 1852 diversorum
549 1798 587 1854 86
611 1796 740 1854 antitheta
763 1806 827 1854 sunt
849 1798 928 1855 haec:
950 1786 1045 1854 ‘fortia
1067 1795 1187 1894 neglecti
1203 1793 1280 1850 vela-

196 1879 263 1936 bant
291 1880 359 1937 colla
387 1879 491 1955 capilli.
521 1890 549 1937 et
577 1898 627 1956 per
648 1881 786 1954 neglectos
814 1882 940 1939 velabant
966 1881 1034 1938 colla
1063 1867 1197 1956 capillos',
1218 1867 1278 1936 aut

198 1966 324 2039 quotiens
346 1965 441 2022 umbra
463 1967 570 2039 porrexi
592 1965 699 2023 brachia
721 1977 807 2024 mota:
839 1976 885 2025 aut
913 1967 1039 2042 quotiens
1066 1965 1162 2023 umbra
1183 1965 1278 2022 reduxi

198 2049 305 2108 brachia
327 2046 426 2108 mota’
471 2050 617 2108 anthitheta
641 2051 768 2109 dicuntur
791 2054 941 2109 contrariae
963 2052 1079 2126 figurae,
1107 2059 1139 2107 ιιι
1157 2039 1277 2123 ‘semper

197 2144 316 2208 egentes,
339 2135 439 2192 multos
461 2143 548 2191 autem
571 2124 781 2210 locupletantes
812 2137 841 2212 [2
867 2137 993 2194 Corinth.
1017 2139 1044 2201 6,
1072 2133 1131 2209 10].
1176 2133 1277 2206 dicun-

195 2229 243 2277 tur
266 2221 344 2276 etiam
366 2221 511 2282 antitheta,
535 2237 603 2294 quae
626 2231 719 2278 contra
742 2241 770 2279 se
792 2231 934 2297 ponuntur
955 2230 987 2279 ut
1005 2211 1067 2278 ‘hac
1088 2227 1164 2318 parte
1185 2218 1277 2292 pudor

196 2312 314 2378 pugnat,
347 2304 419 2362 illinc
439 2305 604 2379 petulantia,
634 2307 696 2363 hinc
723 2307 865 2381 pudicitia,
896 2308 969 2364 illinc
991 2292 1129 2381 stuprum'
1161 2302 1274 2381 [Cicero

199 2388 422 2466 Coctumst
543 2393 581 2451 87
606 2409 683 2449 ceres
705 2393 800 2450 molles
823 2402 851 2450 et
872 2394 1022 2450 obscoenos
1046 2391 1165 2449 clunium
1186 2397 1275 2446 motus

196 2474 337 2555 significat.
382 2493 416 2533 an
439 2485 478 2543 tu,
502 2479 629 2541 Romane,
652 2478 692 2533 vir
714 2494 769 2534 non
792 2475 842 2534 es‘l
924 2481 962 2537 89
986 2477 1058 2552 apud
1078 2485 1182 2534 veteres
1204 2475 1276 2550 passi
1370 2491 1371 2511 ι

196 2561 332 2635 naufragia
367 2561 498 2626 tabulam,
529 2578 581 2636 qua
612 2561 721 2618 fuerant
747 2562 860 2627 liberati,
889 2562 1051 2637 pingebant,
1084 2578 1120 2619 ne
1153 2560 1276 2617 omnibus

197 2646 298 2702 cladem
320 2663 396 2702 suam
417 2647 600 2703 mendicantes
623 2655 786 2719 cogerentur
808 2663 926 2705 narrare.
1015 2649 1054 2705 90
1071 2664 1163 2703 verum
1178 2661 1276 2703 nomen

195 2746 246 2804 pro
269 2729 394 2786 adverbio
424 2748 495 2787 vere.
626 2732 665 2789 92
693 2732 823 2789 obiectio:
854 2734 901 2789 sed
929 2733 988 2790 vide
1017 2733 1079 2806 quia
1106 2749 1198 2788 versus
1227 2730 1276 2786 nisi

195 2813 326 2888 levigatus
349 2816 392 2880 sit,
415 2833 465 2889 pro
488 2813 571 2871 nihilo
594 2826 644 2873 est.
682 2818 908 2890 quemadmodum
919 2817 995 2875 cibus
1011 2818 1176 2873 semicrudus
1190 2817 1276 2872 inter·

196 2899 261 2964 ficit,
284 2899 323 2956 sic
345 2909 372 2956 et
393 2917 488 2956 versus
511 2901 678 2959 semicrudus
700 2902 800 2959 lacerat
813 2912 940 2961 mentem.
956 2918 1114 2959 sarcasmos,
1194 2904 1232 2959 93
1248 2899 1275 2956 hi

195 3002 290 3041 versus
312 2985 424 3060 exempli
448 3002 527 3042 causa
549 2995 699 3061 ponuntur.
744 3004 799 3044 non
822 2998 888 3044 sunt
909 2997 997 3045 autem
1021 2987 1112 3054 Persii,
1135 2988 1182 3044 sed
1205 3002 1274 3059 poe·

195 3077 238 3126 tae
260 3071 349 3126 nescio
373 3072 449 3127 cuius
471 3072 673 3144 graecissantis,
704 3075 750 3147 qui
782 3091 842 3130 oum
864 3090 938 3129 mare
961 3070 1132 3136 describeret,
1156 3072 1192 3128 ita
1213 3069 1276 3127 dixit

197 3154 304 3229 delphin
327 3157 355 3210 in
378 3156 544 3214 extremitate
566 3174 702 3214 versuum.
791 3161 830 3217 94
849 3159 974 3215 Arionem
997 3157 1060 3214 dicit
1081 3155 1272 3219 citharoedum,

196 3239 328 3314 quicum
350 3250 444 3315 captus
466 3250 538 3298 esset
566 3259 581 3299 a
609 3243 701 3316 piratis
731 3252 757 3300 et
785 3243 885 3300 vellent
914 3260 975 3299 eum
1003 3243 1109 3299 mittere
1136 3244 1163 3298 in
1191 3257 1272 3302 mare,

195 3325 346 3400 impetravit
376 3335 407 3383 ut
429 3325 530 3383 cithara
552 3339 669 3384 caneret.
714 3329 851 3385 venientes
874 3337 963 3385 autem
991 3327 1129 3402 delphines
1163 3325 1276 3402 proiecit

283 3508 315 3560 85
335 3507 400 3559 rosis
419 3514 442 3558 α
525 3510 558 3561 86
576 3508 668 3560 doctos
687 3508 811 3574 Scaliger
880 3511 910 3561 et
930 3508 1046 3561 Laudato
1064 3523 1124 3559 cem
1142 3523 1155 3558 r
1173 3510 1203 3557 in
1219 3505 1272 3568 fine

197 3589 278 3639 super
294 3575 571 3628 adiaotcPLaudatis
590 3584 613 3627 α
631 3576 762 3628 Laudatus
787 3578 883 3628 scheda
902 3577 1042 3628 Bobiema's
1112 3577 1207 3628 bellum
1226 3575 1274 3626 hoc

196 3642 292 3695 bellom
312 3650 335 3693 α
440 3638 1275 3710 ciuesp‘temporeseturocenes'Probicalh.G11h’.lV
1366 3677 1367 3680 =

193 3711 284 3778 μ37,
303 3711 373 3763 cenis
393 3711 468 3764 GLK.
489 3713 568 3778 VIp.
588 3714 638 3766 489
726 3715 758 3766 88
777 3721 880 3764 monent
899 3721 922 3764 α
1010 3717 1042 3766 90
1062 3713 1195 3781 portesP,
1214 3714 1274 3763 ein

194 3796 259 3843 rac,
277 3779 352 3831 uela
370 3783 594 3846 ιιιρινιιιιριίιρ
666 3783 697 3833 91
718 3781 847 3847 querellas
864 3783 963 3833 scheda
973 3782 1039 3833 Boh
1110 3782 1143 3833 92
1155 3794 1235 3831 crurrs
1249 3786 1272 3830 α

266 3849 297 3899 93
318 3847 424 3900 Glndere
443 3854 466 3898 α
526 3849 547 3900 si
567 3855 591 3898 α
645 3848 741 3901 dedicit
760 3857 782 3900 α
802 3849 879 3901 didici
897 3852 1041 3917 Pprimum
1069 3849 1136 3901 bene
1155 3848 1276 3916 cynthius

195 3917 262 3982 Ppr.
333 3918 367 3968 94
385 3915 471 3983 delphi
490 3921 514 3966 α
