2804 4442
523 192 617 245 LIBER
634 193 644 246 l
679 193 811 246 SATVRA
828 195 861 247 tv

156 364 257 442 iugera
279 374 354 441 quot
375 364 470 424 vicina
493 366 568 438 loro,
591 383 664 444 quas
686 367 792 427 emerit
813 366 923 429 aedes?

156 467 243 509 nemo
267 449 361 510 malus
383 449 461 523 lclix,
485 449 606 511 minime
628 459 786 530 corruptor
808 453 937 514 elidem

155 532 295 607 incestus,
319 552 385 594 cum
408 553 468 612 quo
492 553 590 613 nuper
611 535 711 596 vittata
733 535 845 597 iacebat

154 617 300 696 sanguine
322 619 417 679 adhuc
438 619 502 679 vivo
525 630 634 680 terram
655 619 788 681 subitura
810 622 957 682 sacerdos.

154 702 206 762 sed
230 721 311 764 nunc
334 703 370 764 de
392 703 476 765 factis
498 704 667 766 levioribus.
712 715 861 766 ettamen
884 707 959 767 alter

154 786 179 848 si
203 788 321 850 fecisset
342 788 430 862 idem,
454 788 572 849 caderet
594 788 650 850 sub
672 789 769 851 iudice
792 809 925 864 morum;

155 890 223 932 nam
246 873 325 952 quod
347 884 435 952 turpe
457 874 545 935 bonis
567 874 644 935 Titio
668 874 807 954 Seioque,
830 876 953 938 decebat

154 955 335 1038 Crispinum.
379 958 450 1036 quid
472 977 551 1038 agas,
574 978 643 1020 cnm
665 960 729 1019 dira
751 968 781 1020 et
801 961 917 1022 foedior
939 963 1021 1022 omni

154 1042 280 1103 crimine
302 1061 429 1122 persona
452 1041 519 1104 3311
540 1044 665 1106 mullum
687 1064 737 1106 ser
760 1045 879 1107 milibus
902 1047 980 1121 emit,

153 1136 329 1207 aequantem
352 1146 423 1188 3333
446 1128 568 1207 paribus
590 1131 723 1190 sestertia
745 1130 838 1205 libris,

154 1222 187 1272 ut
208 1210 367 1292 perhibent
388 1213 439 1291 qui
462 1213 498 1274 dc
519 1213 634 1292 magnis
648 1215 766 1276 maiora
789 1215 962 1293 loquuntur.

153 1296 310 1358 consilium
332 1297 419 1358 laudo
442 1298 572 1372 artificis,
594 1299 618 1360 si
642 1317 767 1360 munere
789 1310 871 1361 tauto

152 1381 343 1461 praecipuam
365 1381 395 1443 in
419 1382 527 1444 tabulis
549 1401 647 1444 ceram
670 1385 751 1446 senis
773 1384 894 1445 abstulit
916 1384 998 1461 orbi;

138 1476 195 1528 ’331
218 1467 292 1527 33113
315 1467 447 1541 ulterior,
469 1485 595 1547 magnac
617 1468 642 1529 si
663 1469 744 1530 misit
764 1469 885 1542 amicae,

152 1570 228 1630 quae
249 1552 367 1613 vehitur
389 1553 471 1614 cluso
494 1553 560 1614 latis
582 1555 787 1632 specularibus
809 1564 905 1615 antro.

152 1636 195 1696 nil
217 1637 273 1697 tale
296 1647 448 1716 expectes:
473 1638 545 1698 emit
565 1638 631 1700 sibi.
675 1640 765 1700 multa
787 1640 921 1701 videmus

152 1739 228 1799 quae
249 1721 340 1781 miser
363 1731 392 1782 31
413 1722 491 1800 frugi
515 1741 577 1783 non
600 1723 671 1783 lecit
692 1725 822 1804 Apicius.
865 1725 924 1784 hoc
947 1731 980 1784 13

151 1805 322 1866 3333133133
344 1805 437 1883 patria
460 1807 620 1883 quondam,
644 1807 788 1888 crispine,
811 1805 946 1887 papyro?

151 1891 208 1951 hoc
231 1890 325 1968 pretio
349 1883 511 1968 squamae?
554 1890 651 1968 potuit
671 1892 796 1953 13313333
818 1892 943 1952 minoris

150 1975 279 2053 piscator
302 1993 389 2053 quarn
412 1975 502 2054 piscis
524 1975 598 2052 emi;
621 1976 774 2055 provincia
795 1975 871 2036 tanti

150 2059 251 2122 vendit
272 2078 370 2140 agros,
392 2061 443 2121 sed
465 2061 591 2122 maiores
613 2061 720 2140 Apulia
742 2061 850 2124 vendit.

154 2235 157 2243 -
235 2198 371 2255 *lhortos
393 2208 440 2255 aut
460 2201 544 2274 spatia
565 2199 629 2257 dicit
649 2201 678 2256 in
700 2199 840 2258 suburbio.
943 2199 1050 2258 9haec
1079 2197 1226 2272 virginibus

148 2282 244 2339 Vestae
265 2299 356 2355 poena
376 2282 463 2339 lucrat
488 2284 604 2349 decreta,
628 2295 659 2341 ut
681 2285 704 2340 si
727 2285 831 2342 vitiatae
853 2285 975 2351 13133331,
997 2285 1071 2341 31333
1092 2283 1226 2357 inpacie-

147 2366 218 2424 tibus
241 2367 418 2423 struebantur
439 2377 487 2424 aut
507 2367 559 2424 sub
582 2377 654 2426 13333
676 2367 869 2426 obruebantur.
973 2372 1007 2426 11
1033 2384 1089 2424 333
1111 2384 1142 2424 33
1164 2368 1225 2424 obi·

148 2451 230 2516 ciens,
254 2468 323 2526 quae
344 2452 372 2508 in
395 2468 455 2508 eum
477 2452 630 2526 turpissima
652 2462 726 2510 suut.
822 2456 859 2512 16
881 2470 929 2508 aex
949 2453 1089 2509 librarum.
1186 2455 1223 2508 17

147 2536 240 2594 divites
262 2536 411 2610 gluttones.
521 2539 558 2596 18
581 2538 634 2594 boc
655 2548 814 2612 argumento
836 2537 964 2595 utebatur
984 2537 1018 2593 ad
1040 2535 1166 2600 caelibes,
1195 2545 1226 2592 ut

147 2620 302 2679 muneribus
328 2638 375 2679 eos
396 2621 548 2679 lautissimis
570 2638 748 2698 corrumpens
769 2622 945 2680 hereditatem
966 2621 1075 2679 illorum
1096 2630 1224 2694 captaret

236 2710 272 2765 19
296 2707 408 2781 primam
430 2707 458 2763 iu
481 2723 533 2782 qua
555 2708 667 2766 heredes
690 2707 768 2782 primi
789 2708 956 2765 scribuntur.
1071 2708 1110 2764 20
1134 2714 1225 2762 33131

147 2791 303 2858 311333113,
334 2809 485 2866 quaecum
508 2804 620 2867 cogeret
640 2794 769 2867 grandem
790 2795 891 2867 piscem
913 2810 1017 2855 emere,
1040 2802 1072 2847 ut
1093 2807 1142 2865 per
1163 2807 1224 2848 eum

146 2887 296 2934 matronam
318 2886 483 2950 corrumpat.
571 2880 608 2936 21
632 2878 755 2936 lecticam
776 2878 894 2935 mulieris
916 2887 963 2934 aut
983 2876 1075 2934 sellam
1096 2875 1223 2932 clausam.

233 2961 272 3018 22
302 2978 358 3018 333
380 2971 472 3036 potest
493 2963 543 3019 dici
566 2963 728 3036 heredipeta.
750 2963 850 3018 3331313
874 2963 914 3018 331
937 2962 1040 3023 331133,
1070 2960 1224 3016 luxuriosus

147 3057 196 3102 est.
305 3048 344 3104 23
368 3047 477 3120 Apicius
498 3055 594 3104 auctor
614 3046 861 3121 praecipiendamm
885 3062 1026 3109 cenarum,
1050 3044 1097 3118 qui
1117 3044 1225 3116 scripsit

148 3131 181 3187 dc
205 3129 332 3187 iuscellis.
355 3129 406 3188 luit
426 3147 489 3188 nam
510 3130 658 3204 exemplum
681 3129 769 3204 gulae.
858 3131 898 3188 24
920 3129 971 3186 1311
992 3145 1053 3186 uam
1077 3129 1223 3203 Aegyptius

147 3215 351 3272 Alexandrinus.
372 3215 399 3270 iu
422 3232 474 3289 qua
495 3232 627 3290 papyrum
649 3214 769 3272 nascitur
790 3215 817 3271 iu
832 3215 901 3272 Nilo.
917 3215 988 3272 sicut
1001 3214 1059 3271 3311
1079 3213 1221 3276 luvenalis,

147 3299 284 3376 Crispinus
306 3299 458 3373 chartapola
479 3298 541 3356 1311.
627 3300 667 3358 25
690 3299 743 3356 hoc
764 3300 852 3373 pretio
873 3319 896 3357 s.
918 3300 1028 3375 piscem.
1051 3315 1065 3354 a
1087 3305 1223 3372 3331313-

147 3397 211 3443 tum.
300 3387 337 3444 27
363 3384 577 3459 anthypophora.
601 3385 677 3458 quasi
699 3384 836 3459 Crispinus
857 3386 911 3442 hoc
932 3383 1115 3458 responderit:
1143 3371 1221 3455 ‘quid

232 3536 247 3586 11
265 3534 411 3586 damnarat
434 3532 546 3583 Iahnius
651 3535 666 3584 9
686 3532 774 3584 3111313
794 3531 826 3583 S:
855 3531 948 3583 uittata
967 3531 990 3581 Ρ
1009 3545 1120 3609 33333333Ι
1135 3531 1170 3593 (si
1187 3545 1221 3606 33

147 3600 214 3664 uiti,
233 3605 355 3652 33333311
372 3603 429 3666 ipre
446 3602 474 3652 P.
493 3603 521 3650 et
536 3599 705 3664 adscriptum
723 3604 763 3650 331
778 3597 935 3651 redimiculis
959 3598 1039 3664 ligata
1063 3603 1135 3649 urttts
1153 3595 1220 3648 33313-

147 3667 209 3718 mita
222 3669 289 3720 31331
300 3667 429 3733 sacerdos)
494 3670 524 3720 13
538 3665 651 3734 Seioque
665 3667 832 3745 calderiacus:
852 3667 971 3746 serioque
984 3668 1042 3717 Pw
1113 3665 1222 3744 153331-

146 3744 200 3788 tum
219 3736 298 3788 Puel
315 3736 422 3788 mullum
440 3739 471 3787 in
487 3738 647 3801 margincp
752 3737 784 3788 18
803 3749 825 3786 33
842 3737 874 3786 P:
893 3749 954 3800 rap
1058 3735 1090 3786 25
1108 3740 1221 3799 practice

146 3818 222 3870 quam
242 3819 256 3855 3
273 3805 306 3854 P:
324 3804 450 3869 praetium
468 3819 575 3871 squame
592 3811 655 3866 pw.
681 3818 814 3870 squamam
834 3803 921 3855 Valla.
956 3801 1035 3867 piscis
1053 3802 1221 3866 adscriptum

145 3875 175 3991 qn
192 3875 250 3937 ipro
261 3887 363 3991 pereat,
386 3871 483 3937 piscem
504 3875 534 3990 iq
556 3872 665 3990 acholipf.
692 3873 742 3922 hoc
766 3877 795 3921 tu
818 3870 909 3931 fecisti
931 3871 988 3922 loco
1011 3869 1104 3931 infimo
1122 3869 1221 3919 natur?

163 3956 195 3991 oc
210 3956 261 4006 pre
273 3957 300 3991 to
317 3954 444 4004 squamae
462 3955 520 4005 emp
535 3957 567 3991 aa
584 3955 635 3990 333
