<?xml version="1.0" encoding="UTF-8"?>
<!DOCTYPE html PUBLIC "-//W3C//DTD XHTML 1.0 Transitional//EN"
    "http://www.w3.org/TR/xhtml1/DTD/xhtml1-transitional.dtd">
<html xmlns="http://www.w3.org/1999/xhtml" xml:lang="en" lang="en">
 <head>
  <title>
</title>
<meta http-equiv="Content-Type" content="text/html;charset=utf-8" />
  <meta name='ocr-system' content='tesseract 3.04.00' />
  <meta name='ocr-capabilities' content='ocr_page ocr_carea ocr_par ocr_line ocrx_word'/>
</head>
<body>
  <div class='ocr_page' id='page_1' title='image "apersiiflaccidi01sulpgoog_0062.png"; bbox 0 0 2792 4444; ppageno 0'>
   <div class='ocr_carea' id='block_1_1' title="bbox 618 204 791 257">
    <p class='ocr_par' dir='ltr' id='par_1_1' title="bbox 618 204 791 257">
     <span class='ocr_line' id='line_1_1' title="bbox 618 204 791 257; baseline 0 -1"><span class='ocrx_word' id='word_1_1' title='bbox 618 204 751 257; x_wconf 78' lang='lat' dir='ltr'><strong>SATVRA</strong></span> <span class='ocrx_word' id='word_1_2' title='bbox 770 206 791 256; x_wconf 95' lang='lat' dir='ltr'><strong>V</strong></span> 
     </span>
    </p>
   </div>
   <div class='ocr_carea' id='block_1_2' title="bbox 163 377 1378 1624">
    <p class='ocr_par' dir='ltr' id='par_1_2' title="bbox 165 377 790 464">
     <span class='ocr_line' id='line_1_2' title="bbox 165 377 790 464; baseline 0 -26"><span class='ocrx_word' id='word_1_3' title='bbox 165 377 790 464; x_wconf 47' lang='lat' dir='ltr'><strong>mmmwmwfflm</strong></span> 
     </span>
    </p>

    <p class='ocr_par' dir='ltr' id='par_1_3' title="bbox 165 442 1243 541">
     <span class='ocr_line' id='line_1_3' title="bbox 165 442 1243 541; baseline 0 -17"><span class='ocrx_word' id='word_1_4' title='bbox 165 442 238 524; x_wconf 68' lang='lat' dir='ltr'><strong>tunc</strong></span> <span class='ocrx_word' id='word_1_5' title='bbox 261 481 377 524; x_wconf 90' lang='lat' dir='ltr'><strong>crassos</strong></span> <span class='ocrx_word' id='word_1_6' title='bbox 400 463 541 524; x_wconf 78' lang='lat' dir='ltr'><strong>transisse</strong></span> <span class='ocrx_word' id='word_1_7' title='bbox 563 462 625 524; x_wconf 90' lang='lat' dir='ltr'><strong>dies</strong></span> <span class='ocrx_word' id='word_1_8' title='bbox 647 463 804 541; x_wconf 93' lang='lat' dir='ltr'><strong>lucemque</strong></span> <span class='ocrx_word' id='word_1_9' title='bbox 826 462 988 541; x_wconf 83' lang='lat' dir='ltr'>palustrem</span> <span class='ocrx_word' id='word_1_10' title='bbox 1215 475 1243 524; x_wconf 85' lang='grc'><strong>66</strong></span> 
     </span>
    </p>

    <p class='ocr_par' dir='ltr' id='par_1_4' title="bbox 166 547 901 627">
     <span class='ocr_line' id='line_1_4' title="bbox 166 547 901 627; baseline -0.001 -19"><span class='ocrx_word' id='word_1_11' title='bbox 166 555 195 608; x_wconf 94' lang='lat' dir='ltr'><strong>et</strong></span> <span class='ocrx_word' id='word_1_12' title='bbox 216 547 272 609; x_wconf 90' lang='lat' dir='ltr'><strong>sibi</strong></span> <span class='ocrx_word' id='word_1_13' title='bbox 294 548 352 608; x_wconf 90' lang='lat' dir='ltr'><strong>iam</strong></span> <span class='ocrx_word' id='word_1_14' title='bbox 373 547 433 609; x_wconf 89' lang='lat' dir='ltr'><strong>seri</strong></span> <span class='ocrx_word' id='word_1_15' title='bbox 454 548 543 608; x_wconf 86' lang='lat' dir='ltr'><strong>vitam</strong></span> <span class='ocrx_word' id='word_1_16' title='bbox 564 547 737 627; x_wconf 82' lang='lat' dir='ltr'><strong>ingemuere</strong></span> <span class='ocrx_word' id='word_1_17' title='bbox 760 547 901 608; x_wconf 89' lang='lat' dir='ltr'><strong>relictam.</strong></span> 
     </span>
    </p>

    <p class='ocr_par' dir='ltr' id='par_1_5' title="bbox 166 633 882 713">
     <span class='ocr_line' id='line_1_5' title="bbox 166 633 882 713; baseline 0 -20"><span class='ocrx_word' id='word_1_18' title='bbox 166 642 195 693; x_wconf 90' lang='lat' dir='ltr'><strong>at</strong></span> <span class='ocrx_word' id='word_1_19' title='bbox 216 642 246 693; x_wconf 93' lang='lat' dir='ltr'><strong>te</strong></span> <span class='ocrx_word' id='word_1_20' title='bbox 269 633 425 694; x_wconf 86' lang='lat' dir='ltr'><strong>nocturnis</strong></span> <span class='ocrx_word' id='word_1_21' title='bbox 446 633 525 694; x_wconf 88' lang='lat' dir='ltr'><strong>iuvat</strong></span> <span class='ocrx_word' id='word_1_22' title='bbox 547 633 741 713; x_wconf 82' lang='lat' dir='ltr'><strong>inpallescere</strong></span> <span class='ocrx_word' id='word_1_23' title='bbox 764 633 882 706; x_wconf 86' lang='lat' dir='ltr'><strong>chartis,</strong></span> 
     </span>
    </p>

    <p class='ocr_par' dir='ltr' id='par_1_6' title="bbox 166 716 931 796">
     <span class='ocr_line' id='line_1_6' title="bbox 166 716 931 796; baseline -0.003 -18"><span class='ocrx_word' id='word_1_24' title='bbox 166 716 263 778; x_wconf 91' lang='lat' dir='ltr'><strong>cultor</strong></span> <span class='ocrx_word' id='word_1_25' title='bbox 286 718 365 778; x_wconf 92' lang='lat' dir='ltr'><strong>eninr</strong></span> <span class='ocrx_word' id='word_1_26' title='bbox 388 718 529 778; x_wconf 93' lang='lat' dir='ltr'><strong>iuvenum</strong></span> <span class='ocrx_word' id='word_1_27' title='bbox 552 729 692 796; x_wconf 86' lang='lat' dir='ltr'><strong>purgatas</strong></span> <span class='ocrx_word' id='word_1_28' title='bbox 716 719 823 779; x_wconf 88' lang='lat' dir='ltr'><strong>inseris</strong></span> <span class='ocrx_word' id='word_1_29' title='bbox 845 733 931 778; x_wconf 92' lang='lat' dir='ltr'><strong>aures</strong></span> 
     </span>
    </p>

    <p class='ocr_par' dir='ltr' id='par_1_7' title="bbox 165 801 1001 883">
     <span class='ocr_line' id='line_1_7' title="bbox 165 801 1001 883; baseline 0 -21"><span class='ocrx_word' id='word_1_30' title='bbox 165 803 251 882; x_wconf 80' lang='lat' dir='ltr'><strong>fruge</strong></span> <span class='ocrx_word' id='word_1_31' title='bbox 274 801 442 866; x_wconf 89' lang='lat' dir='ltr'><strong>Cleanthea.</strong></span> <span class='ocrx_word' id='word_1_32' title='bbox 479 803 571 883; x_wconf 90' lang='lat' dir='ltr'><strong>petite</strong></span> <span class='ocrx_word' id='word_1_33' title='bbox 589 804 664 865; x_wconf 51' lang='lat' dir='ltr'><strong>¹hinc</strong></span> <span class='ocrx_word' id='word_1_34' title='bbox 685 804 832 883; x_wconf 94' lang='lat' dir='ltr'><strong>puerique</strong></span> <span class='ocrx_word' id='word_1_35' title='bbox 854 819 1001 879; x_wconf 91' lang='lat' dir='ltr'><strong>senesque</strong></span> 
     </span>
    </p>

    <p class='ocr_par' dir='ltr' id='par_1_8' title="bbox 165 887 951 966">
     <span class='ocr_line' id='line_1_8' title="bbox 165 887 951 966; baseline -0.003 -18"><span class='ocrx_word' id='word_1_36' title='bbox 165 889 256 948; x_wconf 85' lang='lat' dir='ltr'><strong>finem</strong></span> <span class='ocrx_word' id='word_1_37' title='bbox 279 888 379 949; x_wconf 92' lang='lat' dir='ltr'><strong>animo</strong></span> <span class='ocrx_word' id='word_1_38' title='bbox 402 898 517 948; x_wconf 88' lang='lat' dir='ltr'><strong>certum</strong></span> <span class='ocrx_word' id='word_1_39' title='bbox 540 888 713 966; x_wconf 88' lang='lat' dir='ltr'><strong>miserisque</strong></span> <span class='ocrx_word' id='word_1_40' title='bbox 734 889 836 948; x_wconf 90' lang='lat' dir='ltr'><strong>viatica</strong></span> <span class='ocrx_word' id='word_1_41' title='bbox 860 887 951 948; x_wconf 91' lang='lat' dir='ltr'><strong>canis.</strong></span> 
     </span>
    </p>

    <p class='ocr_par' dir='ltr' id='par_1_9' title="bbox 163 963 1128 1052">
     <span class='ocr_line' id='line_1_9' title="bbox 163 963 1128 1052; baseline 0 -20"><span class='ocrx_word' id='word_1_42' title='bbox 163 964 242 1034; x_wconf 81' lang='lat' dir='ltr'><strong>‘cras</strong></span> <span class='ocrx_word' id='word_1_43' title='bbox 263 973 321 1034; x_wconf 90' lang='lat' dir='ltr'><strong>hoc</strong></span> <span class='ocrx_word' id='word_1_44' title='bbox 343 963 412 1034; x_wconf 87' lang='lat' dir='ltr'><strong>tiet’</strong></span> <span class='ocrx_word' id='word_1_45' title='bbox 460 972 537 1033; x_wconf 92' lang='lat' dir='ltr'><strong>idem</strong></span> <span class='ocrx_word' id='word_1_46' title='bbox 561 991 626 1034; x_wconf 92' lang='lat' dir='ltr'><strong>cras</strong></span> <span class='ocrx_word' id='word_1_47' title='bbox 647 975 707 1034; x_wconf 86' lang='lat' dir='ltr'><strong>fret.</strong></span> <span class='ocrx_word' id='word_1_48' title='bbox 750 967 856 1052; x_wconf 81' lang='lat' dir='ltr'><strong>‘quid‘l</strong></span> <span class='ocrx_word' id='word_1_49' title='bbox 879 971 964 1051; x_wconf 91' lang='lat' dir='ltr'><strong>quasi</strong></span> <span class='ocrx_word' id='word_1_50' title='bbox 986 989 1128 1051; x_wconf 85' lang='lat' dir='ltr'><strong>magnum</strong></span> 
     </span>
    </p>

    <p class='ocr_par' dir='ltr' id='par_1_10' title="bbox 165 1048 1369 1470">
     <span class='ocr_line' id='line_1_10' title="bbox 167 1048 985 1138; baseline 0 -20"><span class='ocrx_word' id='word_1_51' title='bbox 167 1076 274 1138; x_wconf 88' lang='lat' dir='ltr'><strong>nempe</strong></span> <span class='ocrx_word' id='word_1_52' title='bbox 297 1058 374 1119; x_wconf 91' lang='lat' dir='ltr'><strong>diem</strong></span> <span class='ocrx_word' id='word_1_53' title='bbox 397 1048 507 1119; x_wconf 88' lang='lat' dir='ltr'><strong>donas&#39;</strong></span> <span class='ocrx_word' id='word_1_54' title='bbox 548 1059 599 1119; x_wconf 91' lang='lat' dir='ltr'><strong>sed</strong></span> <span class='ocrx_word' id='word_1_55' title='bbox 622 1077 690 1119; x_wconf 91' lang='lat' dir='ltr'><strong>cum</strong></span> <span class='ocrx_word' id='word_1_56' title='bbox 712 1059 763 1119; x_wconf 84' lang='lat' dir='ltr'><strong>lux</strong></span> <span class='ocrx_word' id='word_1_57' title='bbox 784 1057 874 1119; x_wconf 89' lang='lat' dir='ltr'><strong>altera</strong></span> <span class='ocrx_word' id='word_1_58' title='bbox 897 1057 985 1131; x_wconf 83' lang='lat' dir='ltr'><strong>venit,</strong></span> 
     </span>
     <span class='ocr_line' id='line_1_11' title="bbox 165 1140 1369 1225; baseline 0.001 -23"><span class='ocrx_word' id='word_1_59' title='bbox 165 1142 224 1203; x_wconf 93' lang='lat' dir='ltr'><strong>iam</strong></span> <span class='ocrx_word' id='word_1_60' title='bbox 246 1162 310 1204; x_wconf 90' lang='lat' dir='ltr'><strong>cras</strong></span> <span class='ocrx_word' id='word_1_61' title='bbox 332 1143 505 1204; x_wconf 92' lang='lat' dir='ltr'><strong>hesternum</strong></span> <span class='ocrx_word' id='word_1_62' title='bbox 528 1145 776 1223; x_wconf 87' lang='lat' dir='ltr'><strong>consumpsimus,</strong></span> <span class='ocrx_word' id='word_1_63' title='bbox 799 1162 869 1204; x_wconf 92' lang='lat' dir='ltr'><strong>ecce</strong></span> <span class='ocrx_word' id='word_1_64' title='bbox 891 1143 969 1203; x_wconf 93' lang='lat' dir='ltr'><strong>aliud</strong></span> <span class='ocrx_word' id='word_1_65' title='bbox 992 1160 1057 1203; x_wconf 91' lang='lat' dir='ltr'><strong>cras</strong></span> <span class='ocrx_word' id='word_1_66' title='bbox 1209 1153 1276 1214; x_wconf 63' lang='lat' dir='ltr'><strong>prr</strong></span> <span class='ocrx_word' id='word_1_67' title='bbox 1302 1140 1328 1225; x_wconf 28' lang='grc' dir='ltr'><strong>ῥ’</strong></span> <span class='ocrx_word' id='word_1_68' title='bbox 1367 1148 1369 1156; x_wconf 75' lang='lat'>‘</span> 
     </span>
     <span class='ocr_line' id='line_1_12' title="bbox 167 1225 1354 1316; baseline -0.001 -29"><span class='ocrx_word' id='word_1_69' title='bbox 167 1228 262 1316; x_wconf 43' lang='lat' dir='ltr'><strong>egelrit</strong></span> <span class='ocrx_word' id='word_1_70' title='bbox 283 1228 338 1289; x_wconf 90' lang='lat' dir='ltr'><strong>hos</strong></span> <span class='ocrx_word' id='word_1_71' title='bbox 361 1247 456 1290; x_wconf 91' lang='lat' dir='ltr'><strong>annos</strong></span> <span class='ocrx_word' id='word_1_72' title='bbox 479 1236 508 1288; x_wconf 89' lang='lat' dir='ltr'><strong>et</strong></span> <span class='ocrx_word' id='word_1_73' title='bbox 530 1247 648 1308; x_wconf 88' lang='lat' dir='ltr'><strong>semper</strong></span> <span class='ocrx_word' id='word_1_74' title='bbox 670 1229 791 1307; x_wconf 93' lang='lat' dir='ltr'><strong>paulum</strong></span> <span class='ocrx_word' id='word_1_75' title='bbox 814 1229 871 1289; x_wconf 94' lang='lat' dir='ltr'><strong>erit</strong></span> <span class='ocrx_word' id='word_1_76' title='bbox 892 1225 979 1288; x_wconf 79' lang='lat' dir='ltr'><strong>ultra&#39;.</strong></span> <span class='ocrx_word' id='word_1_77' title='bbox 1346 1239 1354 1252; x_wconf 78' lang='grc'>”</span> 
     </span>
     <span class='ocr_line' id='line_1_13' title="bbox 167 1313 1244 1393; baseline -0.001 -21"><span class='ocrx_word' id='word_1_78' title='bbox 167 1330 235 1372; x_wconf 92' lang='lat' dir='ltr'><strong>nam</strong></span> <span class='ocrx_word' id='word_1_79' title='bbox 257 1314 389 1391; x_wconf 90' lang='lat' dir='ltr'><strong>quamvis</strong></span> <span class='ocrx_word' id='word_1_80' title='bbox 411 1332 506 1393; x_wconf 85' lang='lat' dir='ltr'><strong>prope</strong></span> <span class='ocrx_word' id='word_1_81' title='bbox 528 1322 567 1387; x_wconf 92' lang='lat' dir='ltr'><strong>te,</strong></span> <span class='ocrx_word' id='word_1_82' title='bbox 591 1315 724 1392; x_wconf 87' lang='lat' dir='ltr'><strong>quamvis</strong></span> <span class='ocrx_word' id='word_1_83' title='bbox 745 1322 866 1374; x_wconf 90' lang='lat' dir='ltr'><strong>temone</strong></span> <span class='ocrx_word' id='word_1_84' title='bbox 889 1313 944 1373; x_wconf 96' lang='lat' dir='ltr'><strong>sub</strong></span> <span class='ocrx_word' id='word_1_85' title='bbox 968 1331 1029 1373; x_wconf 94' lang='lat' dir='ltr'><strong>uno</strong></span> <span class='ocrx_word' id='word_1_86' title='bbox 1214 1321 1244 1371; x_wconf 76' lang='lat'><strong>70</strong></span> 
     </span>
     <span class='ocr_line' id='line_1_14' title="bbox 165 1399 897 1470; baseline 0.001 -13"><span class='ocrx_word' id='word_1_87' title='bbox 165 1406 329 1458; x_wconf 90' lang='lat' dir='ltr'><strong>vertentem</strong></span> <span class='ocrx_word' id='word_1_88' title='bbox 352 1417 416 1460; x_wconf 89' lang='lat' dir='ltr'><strong>sese</strong></span> <span class='ocrx_word' id='word_1_89' title='bbox 438 1400 548 1459; x_wconf 90' lang='lat' dir='ltr'><strong>lrustra</strong></span> <span class='ocrx_word' id='word_1_90' title='bbox 571 1399 724 1460; x_wconf 83' lang='lat' dir='ltr'><strong>sectabere</strong></span> <span class='ocrx_word' id='word_1_91' title='bbox 747 1399 897 1470; x_wconf 88' lang='lat' dir='ltr'><strong>canthum,</strong></span> 
     </span>
    </p>

    <p class='ocr_par' dir='ltr' id='par_1_11' title="bbox 166 1481 1378 1624">
     <span class='ocr_line' id='line_1_15' title="bbox 166 1481 1378 1624; baseline -0.001 -81"><span class='ocrx_word' id='word_1_92' title='bbox 166 1500 234 1543; x_wconf 89' lang='lat' dir='ltr'><strong>curn</strong></span> <span class='ocrx_word' id='word_1_93' title='bbox 256 1492 321 1544; x_wconf 91' lang='lat' dir='ltr'><strong>rota</strong></span> <span class='ocrx_word' id='word_1_94' title='bbox 342 1485 492 1565; x_wconf 86' lang='lat' dir='ltr'><strong>posterior</strong></span> <span class='ocrx_word' id='word_1_95' title='bbox 512 1501 616 1546; x_wconf 89' lang='lat' dir='ltr'><strong>curras</strong></span> <span class='ocrx_word' id='word_1_96' title='bbox 639 1493 668 1545; x_wconf 91' lang='lat' dir='ltr'><strong>et</strong></span> <span class='ocrx_word' id='word_1_97' title='bbox 689 1481 721 1545; x_wconf 93' lang='lat' dir='ltr'><strong>in</strong></span> <span class='ocrx_word' id='word_1_98' title='bbox 744 1502 796 1544; x_wconf 86' lang='lat' dir='ltr'><strong>axe</strong></span> <span class='ocrx_word' id='word_1_99' title='bbox 819 1482 963 1546; x_wconf 92' lang='lat' dir='ltr'><strong>secundo.</strong></span> <span class='ocrx_word' id='word_1_100' title='bbox 1211 1531 1267 1624; x_wconf 39' lang='lat' dir='ltr'><strong>,a</strong></span> <span class='ocrx_word' id='word_1_101' title='bbox 1286 1493 1378 1612; x_wconf 58' lang='lat' dir='ltr'><em>W</em></span> 
     </span>
    </p>
   </div>
   <div class='ocr_carea' id='block_1_3' title="bbox 187 1567 1038 1704">
    <p class='ocr_par' dir='ltr' id='par_1_12' title="bbox 187 1567 1038 1704">
     <span class='ocr_line' id='line_1_16' title="bbox 208 1567 1038 1649; baseline -0.002 -21"><span class='ocrx_word' id='word_1_102' title='bbox 208 1568 343 1630; x_wconf 91' lang='lat' dir='ltr'><strong>libertate</strong></span> <span class='ocrx_word' id='word_1_103' title='bbox 365 1588 441 1649; x_wconf 93' lang='lat' dir='ltr'><strong>opus</strong></span> <span class='ocrx_word' id='word_1_104' title='bbox 464 1578 517 1630; x_wconf 93' lang='lat' dir='ltr'><strong>est.</strong></span> <span class='ocrx_word' id='word_1_105' title='bbox 562 1588 623 1630; x_wconf 90' lang='lat' dir='ltr'><strong>non</strong></span> <span class='ocrx_word' id='word_1_106' title='bbox 647 1570 710 1645; x_wconf 88' lang='lat' dir='ltr'><strong>hae,</strong></span> <span class='ocrx_word' id='word_1_107' title='bbox 733 1568 913 1647; x_wconf 90' lang='lat' dir='ltr'><strong>utquisque</strong></span> <span class='ocrx_word' id='word_1_108' title='bbox 937 1567 1038 1628; x_wconf 92' lang='lat' dir='ltr'><strong>Velina</strong></span> 
     </span>
     <span class='ocr_line' id='line_1_17' title="bbox 187 1666 597 1704; baseline 0.01 -4"><span class='ocrx_word' id='word_1_109' title='bbox 187 1666 597 1704; x_wconf 68' lang='grc'><strong>“·“·-····----..-</strong></span> 
     </span>
    </p>
   </div>
   <div class='ocr_carea' id='block_1_4' title="bbox 163 1753 1249 2265">
    <p class='ocr_par' dir='ltr' id='par_1_13' title="bbox 163 1753 1249 2265">
     <span class='ocr_line' id='line_1_18' title="bbox 253 1753 1243 1832; baseline -0.005 -17"><span class='ocrx_word' id='word_1_110' title='bbox 253 1759 290 1815; x_wconf 87' lang='grc'><strong>63</strong></span> <span class='ocrx_word' id='word_1_111' title='bbox 308 1766 422 1814; x_wconf 88' lang='lat' dir='ltr'><strong>tractum</strong></span> <span class='ocrx_word' id='word_1_112' title='bbox 438 1767 479 1814; x_wconf 91' lang='lat' dir='ltr'><strong>est</strong></span> <span class='ocrx_word' id='word_1_113' title='bbox 493 1757 526 1814; x_wconf 92' lang='lat' dir='ltr'><strong>ab</strong></span> <span class='ocrx_word' id='word_1_114' title='bbox 542 1757 665 1832; x_wconf 77' lang='lat' dir='ltr'><strong>agricolis</strong></span> <span class='ocrx_word' id='word_1_115' title='bbox 681 1759 727 1832; x_wconf 92' lang='lat' dir='ltr'><strong>qui</strong></span> <span class='ocrx_word' id='word_1_116' title='bbox 743 1757 852 1815; x_wconf 90' lang='lat' dir='ltr'><strong>arbores</strong></span> <span class='ocrx_word' id='word_1_117' title='bbox 866 1757 1058 1822; x_wconf 79' lang='lat' dir='ltr'><strong>infructuosas,</strong></span> <span class='ocrx_word' id='word_1_118' title='bbox 1074 1764 1105 1812; x_wconf 91' lang='lat' dir='ltr'><strong>ut</strong></span> <span class='ocrx_word' id='word_1_119' title='bbox 1119 1755 1173 1811; x_wconf 91' lang='lat' dir='ltr'><strong>sint</strong></span> <span class='ocrx_word' id='word_1_120' title='bbox 1188 1753 1243 1811; x_wconf 87' lang='lat' dir='ltr'><strong>ler-</strong></span> 
     </span>
     <span class='ocr_line' id='line_1_19' title="bbox 165 1841 1244 1916; baseline -0.003 -18"><span class='ocrx_word' id='word_1_121' title='bbox 165 1841 233 1906; x_wconf 87' lang='lat' dir='ltr'><strong>tiles,</strong></span> <span class='ocrx_word' id='word_1_122' title='bbox 256 1850 374 1914; x_wconf 80' lang='lat' dir='ltr'><strong>purgant</strong></span> <span class='ocrx_word' id='word_1_123' title='bbox 396 1851 423 1898; x_wconf 91' lang='lat' dir='ltr'><strong>et</strong></span> <span class='ocrx_word' id='word_1_124' title='bbox 443 1843 575 1898; x_wconf 85' lang='lat' dir='ltr'><strong>inserunt.</strong></span> <span class='ocrx_word' id='word_1_125' title='bbox 665 1845 702 1900; x_wconf 91' lang='grc'><strong>64</strong></span> <span class='ocrx_word' id='word_1_126' title='bbox 720 1843 866 1899; x_wconf 84' lang='lat' dir='ltr'><strong>stoicorum</strong></span> <span class='ocrx_word' id='word_1_127' title='bbox 882 1845 1039 1916; x_wconf 89' lang='lat' dir='ltr'><strong>praeceptis,</strong></span> <span class='ocrx_word' id='word_1_128' title='bbox 1063 1843 1140 1898; x_wconf 92' lang='lat' dir='ltr'><strong>cuius</strong></span> <span class='ocrx_word' id='word_1_129' title='bbox 1156 1849 1244 1896; x_wconf 90' lang='lat' dir='ltr'><strong>sectae</strong></span> 
     </span>
     <span class='ocr_line' id='line_1_20' title="bbox 165 1924 1243 2000; baseline -0.004 -18"><span class='ocrx_word' id='word_1_130' title='bbox 165 1925 304 1982; x_wconf 79' lang='lat' dir='ltr'><strong>Cleanthes</strong></span> <span class='ocrx_word' id='word_1_131' title='bbox 319 1925 496 2000; x_wconf 86' lang='lat' dir='ltr'><strong>philosophus</strong></span> <span class='ocrx_word' id='word_1_132' title='bbox 512 1925 571 1983; x_wconf 89' lang='lat' dir='ltr'><strong>luit.</strong></span> <span class='ocrx_word' id='word_1_133' title='bbox 660 1929 699 1982; x_wconf 88' lang='grc'><strong>70</strong></span> <span class='ocrx_word' id='word_1_134' title='bbox 722 1926 795 1982; x_wconf 91' lang='lat' dir='ltr'><strong>hunc</strong></span> <span class='ocrx_word' id='word_1_135' title='bbox 815 1927 905 1983; x_wconf 92' lang='lat' dir='ltr'><strong>locum</strong></span> <span class='ocrx_word' id='word_1_136' title='bbox 926 1937 1006 2000; x_wconf 89' lang='lat' dir='ltr'><strong>poeta</strong></span> <span class='ocrx_word' id='word_1_137' title='bbox 1027 1944 1077 2000; x_wconf 92' lang='lat' dir='ltr'><strong>per</strong></span> <span class='ocrx_word' id='word_1_138' title='bbox 1091 1924 1243 1982; x_wconf 91' lang='lat' dir='ltr'><strong>similitudi-</strong></span> 
     </span>
     <span class='ocr_line' id='line_1_21' title="bbox 163 2009 1241 2085; baseline -0.003 -18"><span class='ocrx_word' id='word_1_139' title='bbox 163 2028 225 2067; x_wconf 90' lang='lat' dir='ltr'><strong>nem</strong></span> <span class='ocrx_word' id='word_1_140' title='bbox 241 2011 343 2077; x_wconf 90' lang='lat' dir='ltr'><strong>raedae,</strong></span> <span class='ocrx_word' id='word_1_141' title='bbox 361 2012 435 2085; x_wconf 94' lang='lat' dir='ltr'><strong>quod</strong></span> <span class='ocrx_word' id='word_1_142' title='bbox 446 2020 487 2068; x_wconf 90' lang='lat' dir='ltr'><strong>est</strong></span> <span class='ocrx_word' id='word_1_143' title='bbox 498 2029 584 2085; x_wconf 80' lang='lat' dir='ltr'><strong>genus</strong></span> <span class='ocrx_word' id='word_1_144' title='bbox 596 2009 708 2066; x_wconf 84' lang='lat' dir='ltr'><strong>vehiculi</strong></span> <span class='ocrx_word' id='word_1_145' title='bbox 720 2018 849 2085; x_wconf 90' lang='lat' dir='ltr'><strong>quattuor</strong></span> <span class='ocrx_word' id='word_1_146' title='bbox 857 2020 989 2082; x_wconf 89' lang='lat' dir='ltr'><strong>rotarum,</strong></span> <span class='ocrx_word' id='word_1_147' title='bbox 1002 2010 1124 2084; x_wconf 82' lang='lat' dir='ltr'><strong>exprimit</strong></span> <span class='ocrx_word' id='word_1_148' title='bbox 1135 2011 1241 2066; x_wconf 87' lang='lat' dir='ltr'><strong>dicens:</strong></span> 
     </span>
     <span class='ocr_line' id='line_1_22' title="bbox 165 2094 1249 2170; baseline -0.002 -19"><span class='ocrx_word' id='word_1_149' title='bbox 165 2094 227 2152; x_wconf 86' lang='lat' dir='ltr'><strong>licet</strong></span> <span class='ocrx_word' id='word_1_150' title='bbox 238 2095 288 2152; x_wconf 92' lang='lat' dir='ltr'><strong>sub</strong></span> <span class='ocrx_word' id='word_1_151' title='bbox 300 2113 354 2152; x_wconf 91' lang='lat' dir='ltr'><strong>uno</strong></span> <span class='ocrx_word' id='word_1_152' title='bbox 366 2105 472 2154; x_wconf 90' lang='lat' dir='ltr'><strong>temone</strong></span> <span class='ocrx_word' id='word_1_153' title='bbox 483 2097 646 2170; x_wconf 89' lang='lat' dir='ltr'><strong>praecedens</strong></span> <span class='ocrx_word' id='word_1_154' title='bbox 658 2105 683 2152; x_wconf 93' lang='lat' dir='ltr'><strong>ct</strong></span> <span class='ocrx_word' id='word_1_155' title='bbox 696 2096 865 2170; x_wconf 85' lang='lat' dir='ltr'><strong>subsequens</strong></span> <span class='ocrx_word' id='word_1_156' title='bbox 876 2106 936 2153; x_wconf 92' lang='lat' dir='ltr'><strong>rota</strong></span> <span class='ocrx_word' id='word_1_157' title='bbox 948 2096 1081 2159; x_wconf 92' lang='lat' dir='ltr'><strong>decurrat,</strong></span> <span class='ocrx_word' id='word_1_158' title='bbox 1098 2111 1249 2168; x_wconf 44' lang='lat' dir='ltr'><strong>numquam,</strong></span> 
     </span>
     <span class='ocr_line' id='line_1_23' title="bbox 165 2179 1246 2265; baseline -0.004 -28"><span class='ocrx_word' id='word_1_159' title='bbox 165 2189 254 2238; x_wconf 86' lang='lat' dir='ltr'><strong>tamen</strong></span> <span class='ocrx_word' id='word_1_160' title='bbox 275 2183 411 2265; x_wconf 84' lang='lat' dir='ltr'><strong>posterior</strong></span> <span class='ocrx_word' id='word_1_161' title='bbox 432 2183 638 2256; x_wconf 83' lang='lat' dir='ltr'><strong>praecedentem</strong></span> <span class='ocrx_word' id='word_1_162' title='bbox 661 2183 846 2256; x_wconf 86' lang='lat' dir='ltr'><strong>consequitur,</strong></span> <span class='ocrx_word' id='word_1_163' title='bbox 870 2182 933 2238; x_wconf 89' lang='lat' dir='ltr'><strong>licet</strong></span> <span class='ocrx_word' id='word_1_164' title='bbox 953 2198 1036 2256; x_wconf 87' lang='lat' dir='ltr'><strong>parvo</strong></span> <span class='ocrx_word' id='word_1_165' title='bbox 1059 2179 1144 2254; x_wconf 89' lang='lat' dir='ltr'><strong>spatio</strong></span> <span class='ocrx_word' id='word_1_166' title='bbox 1159 2181 1246 2236; x_wconf 92' lang='lat' dir='ltr'><strong>inter·</strong></span> 
     </span>
    </p>
   </div>
   <div class='ocr_carea' id='block_1_5' title="bbox 165 2266 1248 3445">
    <p class='ocr_par' dir='ltr' id='par_1_14' title="bbox 165 2266 1248 3445">
     <span class='ocr_line' id='line_1_24' title="bbox 165 2266 1246 2342; baseline -0.001 -21"><span class='ocrx_word' id='word_1_167' title='bbox 165 2267 263 2340; x_wconf 90' lang='lat' dir='ltr'><strong>posito,</strong></span> <span class='ocrx_word' id='word_1_168' title='bbox 288 2268 501 2341; x_wconf 77' lang='lat' dir='ltr'><strong>tantundemque</strong></span> <span class='ocrx_word' id='word_1_169' title='bbox 526 2269 601 2340; x_wconf 92' lang='lat' dir='ltr'><strong>prior</strong></span> <span class='ocrx_word' id='word_1_170' title='bbox 624 2278 754 2340; x_wconf 90' lang='lat' dir='ltr'><strong>quantum</strong></span> <span class='ocrx_word' id='word_1_171' title='bbox 777 2277 804 2323; x_wconf 91' lang='lat' dir='ltr'><strong>et</strong></span> <span class='ocrx_word' id='word_1_172' title='bbox 825 2269 962 2342; x_wconf 87' lang='lat' dir='ltr'><strong>posterior</strong></span> <span class='ocrx_word' id='word_1_173' title='bbox 982 2266 1107 2322; x_wconf 84' lang='lat' dir='ltr'><strong>volvitur.</strong></span> <span class='ocrx_word' id='word_1_174' title='bbox 1138 2266 1174 2322; x_wconf 86' lang='lat' dir='ltr'><strong>ita</strong></span> <span class='ocrx_word' id='word_1_175' title='bbox 1195 2281 1246 2320; x_wconf 89' lang='lat' dir='ltr'><strong>nos</strong></span> 
     </span>
     <span class='ocr_line' id='line_1_25' title="bbox 166 2349 1247 2425; baseline 0 -19"><span class='ocrx_word' id='word_1_176' title='bbox 166 2350 247 2406; x_wconf 91' lang='lat' dir='ltr'><strong>docet</strong></span> <span class='ocrx_word' id='word_1_177' title='bbox 268 2350 342 2423; x_wconf 93' lang='lat' dir='ltr'><strong>quod</strong></span> <span class='ocrx_word' id='word_1_178' title='bbox 364 2351 448 2423; x_wconf 89' lang='lat' dir='ltr'><strong>diem,</strong></span> <span class='ocrx_word' id='word_1_179' title='bbox 478 2368 558 2424; x_wconf 91' lang='lat' dir='ltr'><strong>quem</strong></span> <span class='ocrx_word' id='word_1_180' title='bbox 580 2349 727 2407; x_wconf 80' lang='lat' dir='ltr'><strong>differendo</strong></span> <span class='ocrx_word' id='word_1_181' title='bbox 751 2353 898 2408; x_wconf 87' lang='lat' dir='ltr'><strong>doctrinam</strong></span> <span class='ocrx_word' id='word_1_182' title='bbox 921 2352 1071 2425; x_wconf 85' lang='lat' dir='ltr'><strong>perdimus,</strong></span> <span class='ocrx_word' id='word_1_183' title='bbox 1100 2367 1247 2424; x_wconf 90' lang='lat' dir='ltr'><strong>numquam</strong></span> 
     </span>
     <span class='ocr_line' id='line_1_26' title="bbox 165 2434 1247 2510; baseline -0.001 -19"><span class='ocrx_word' id='word_1_184' title='bbox 165 2434 218 2491; x_wconf 90' lang='lat' dir='ltr'><strong>diei</strong></span> <span class='ocrx_word' id='word_1_185' title='bbox 246 2434 436 2508; x_wconf 85' lang='lat' dir='ltr'><strong>subsequentis</strong></span> <span class='ocrx_word' id='word_1_186' title='bbox 465 2436 554 2491; x_wconf 90' lang='lat' dir='ltr'><strong>studio</strong></span> <span class='ocrx_word' id='word_1_187' title='bbox 583 2452 747 2510; x_wconf 90' lang='lat' dir='ltr'><strong>reparamus.</strong></span> <span class='ocrx_word' id='word_1_188' title='bbox 857 2439 895 2493; x_wconf 87' lang='grc'><strong>73</strong></span> <span class='ocrx_word' id='word_1_189' title='bbox 920 2436 952 2491; x_wconf 89' lang='lat' dir='ltr'><strong>ad</strong></span> <span class='ocrx_word' id='word_1_190' title='bbox 974 2437 1130 2509; x_wconf 88' lang='lat' dir='ltr'><strong>sapientiam</strong></span> <span class='ocrx_word' id='word_1_191' title='bbox 1151 2435 1247 2490; x_wconf 87' lang='lat' dir='ltr'><strong>horta-</strong></span> 
     </span>
     <span class='ocr_line' id='line_1_27' title="bbox 166 2518 1245 2594; baseline -0.003 -18"><span class='ocrx_word' id='word_1_192' title='bbox 166 2527 246 2576; x_wconf 89' lang='lat' dir='ltr'><strong>turus</strong></span> <span class='ocrx_word' id='word_1_193' title='bbox 268 2520 405 2576; x_wconf 87' lang='lat' dir='ltr'><strong>materiam</strong></span> <span class='ocrx_word' id='word_1_194' title='bbox 419 2519 489 2576; x_wconf 90' lang='lat' dir='ltr'><strong>hane</strong></span> <span class='ocrx_word' id='word_1_195' title='bbox 504 2519 553 2575; x_wconf 90' lang='lat' dir='ltr'><strong>sibi</strong></span> <span class='ocrx_word' id='word_1_196' title='bbox 570 2519 669 2594; x_wconf 84' lang='lat' dir='ltr'><strong>delegit</strong></span> <span class='ocrx_word' id='word_1_197' title='bbox 685 2520 775 2576; x_wconf 92' lang='lat' dir='ltr'><strong>dicens</strong></span> <span class='ocrx_word' id='word_1_198' title='bbox 790 2519 879 2575; x_wconf 89' lang='lat' dir='ltr'><strong>selum</strong></span> <span class='ocrx_word' id='word_1_199' title='bbox 892 2518 1007 2575; x_wconf 85' lang='lat' dir='ltr'><strong>liberum</strong></span> <span class='ocrx_word' id='word_1_200' title='bbox 1018 2536 1076 2575; x_wconf 90' lang='lat' dir='ltr'><strong>esse</strong></span> <span class='ocrx_word' id='word_1_201' title='bbox 1090 2519 1245 2591; x_wconf 89' lang='lat' dir='ltr'><strong>sapientem.</strong></span> 
     </span>
     <span class='ocr_line' id='line_1_28' title="bbox 167 2602 1247 2679; baseline -0.002 -20"><span class='ocrx_word' id='word_1_202' title='bbox 167 2614 272 2661; x_wconf 90' lang='lat' dir='ltr'><strong>constat</strong></span> <span class='ocrx_word' id='word_1_203' title='bbox 301 2612 390 2661; x_wconf 89' lang='lat' dir='ltr'><strong>autem</strong></span> <span class='ocrx_word' id='word_1_204' title='bbox 420 2605 587 2679; x_wconf 82' lang='lat' dir='ltr'><strong>Aristippum</strong></span> <span class='ocrx_word' id='word_1_205' title='bbox 609 2606 647 2662; x_wconf 91' lang='lat' dir='ltr'><strong>sie</strong></span> <span class='ocrx_word' id='word_1_206' title='bbox 667 2605 777 2661; x_wconf 88' lang='lat' dir='ltr'><strong>iuvenes</strong></span> <span class='ocrx_word' id='word_1_207' title='bbox 799 2604 885 2661; x_wconf 90' lang='lat' dir='ltr'><strong>solere</strong></span> <span class='ocrx_word' id='word_1_208' title='bbox 907 2605 940 2661; x_wconf 90' lang='lat' dir='ltr'><strong>ad</strong></span> <span class='ocrx_word' id='word_1_209' title='bbox 962 2605 1081 2660; x_wconf 90' lang='lat' dir='ltr'><strong>studium</strong></span> <span class='ocrx_word' id='word_1_210' title='bbox 1102 2602 1247 2676; x_wconf 84' lang='lat' dir='ltr'><strong>sapientiae</strong></span> 
     </span>
     <span class='ocr_line' id='line_1_29' title="bbox 166 2687 1248 2764; baseline -0.002 -20"><span class='ocrx_word' id='word_1_211' title='bbox 166 2689 278 2747; x_wconf 91' lang='lat' dir='ltr'><strong>hortari.</strong></span> <span class='ocrx_word' id='word_1_212' title='bbox 357 2689 481 2747; x_wconf 88' lang='lat' dir='ltr'><strong>libertate</strong></span> <span class='ocrx_word' id='word_1_213' title='bbox 503 2708 572 2764; x_wconf 90' lang='lat' dir='ltr'><strong>opus</strong></span> <span class='ocrx_word' id='word_1_214' title='bbox 594 2700 644 2748; x_wconf 90' lang='lat' dir='ltr'><strong>est.</strong></span> <span class='ocrx_word' id='word_1_215' title='bbox 667 2700 801 2764; x_wconf 88' lang='lat' dir='ltr'><strong>tamquam</strong></span> <span class='ocrx_word' id='word_1_216' title='bbox 824 2689 846 2746; x_wconf 90' lang='lat' dir='ltr'><strong>si</strong></span> <span class='ocrx_word' id='word_1_217' title='bbox 868 2689 983 2746; x_wconf 88' lang='lat' dir='ltr'><strong>diceret:</strong></span> <span class='ocrx_word' id='word_1_218' title='bbox 1006 2689 1135 2763; x_wconf 88' lang='lat' dir='ltr'><strong>sapientia</strong></span> <span class='ocrx_word' id='word_1_219' title='bbox 1158 2687 1248 2743; x_wconf 92' lang='lat' dir='ltr'><strong>omni·</strong></span> 
     </span>
     <span class='ocr_line' id='line_1_30' title="bbox 166 2773 1247 2848; baseline 0.001 -20"><span class='ocrx_word' id='word_1_220' title='bbox 166 2773 219 2830; x_wconf 82' lang='lat' dir='ltr'><strong>bus</strong></span> <span class='ocrx_word' id='word_1_221' title='bbox 239 2776 388 2832; x_wconf 87' lang='lat' dir='ltr'><strong>necessaria</strong></span> <span class='ocrx_word' id='word_1_222' title='bbox 411 2784 461 2832; x_wconf 92' lang='lat' dir='ltr'><strong>est.</strong></span> <span class='ocrx_word' id='word_1_223' title='bbox 547 2793 603 2832; x_wconf 93' lang='lat' dir='ltr'><strong>nou</strong></span> <span class='ocrx_word' id='word_1_224' title='bbox 626 2776 696 2832; x_wconf 91' lang='lat' dir='ltr'><strong>illam</strong></span> <span class='ocrx_word' id='word_1_225' title='bbox 717 2776 866 2832; x_wconf 82' lang='lat' dir='ltr'><strong>libertatern</strong></span> <span class='ocrx_word' id='word_1_226' title='bbox 889 2775 961 2840; x_wconf 87' lang='lat' dir='ltr'><strong>dicit,</strong></span> <span class='ocrx_word' id='word_1_227' title='bbox 988 2790 1040 2848; x_wconf 93' lang='lat' dir='ltr'><strong>qua</strong></span> <span class='ocrx_word' id='word_1_228' title='bbox 1063 2775 1177 2848; x_wconf 90' lang='lat' dir='ltr'><strong>quisque</strong></span> <span class='ocrx_word' id='word_1_229' title='bbox 1198 2790 1247 2847; x_wconf 92' lang='lat' dir='ltr'><strong>per</strong></span> 
     </span>
     <span class='ocr_line' id='line_1_31' title="bbox 166 2858 1247 2935; baseline -0.002 -20"><span class='ocrx_word' id='word_1_230' title='bbox 166 2860 401 2916; x_wconf 89' lang='lat' dir='ltr'><strong>manumissionem</strong></span> <span class='ocrx_word' id='word_1_231' title='bbox 425 2861 488 2917; x_wconf 90' lang='lat' dir='ltr'><strong>civis</strong></span> <span class='ocrx_word' id='word_1_232' title='bbox 510 2861 645 2918; x_wconf 85' lang='lat' dir='ltr'><strong>Romanus</strong></span> <span class='ocrx_word' id='word_1_233' title='bbox 668 2861 754 2918; x_wconf 88' lang='lat' dir='ltr'><strong>lactus</strong></span> <span class='ocrx_word' id='word_1_234' title='bbox 777 2862 953 2935; x_wconf 88' lang='lat' dir='ltr'><strong>consequitur</strong></span> <span class='ocrx_word' id='word_1_235' title='bbox 975 2871 1002 2917; x_wconf 90' lang='lat' dir='ltr'><strong>et</strong></span> <span class='ocrx_word' id='word_1_236' title='bbox 1023 2860 1051 2915; x_wconf 94' lang='lat' dir='ltr'><strong>in</strong></span> <span class='ocrx_word' id='word_1_237' title='bbox 1068 2860 1140 2917; x_wconf 90' lang='lat' dir='ltr'><strong>tribu</strong></span> <span class='ocrx_word' id='word_1_238' title='bbox 1155 2858 1247 2915; x_wconf 92' lang='lat' dir='ltr'><strong>Velina</strong></span> 
     </span>
     <span class='ocr_line' id='line_1_32' title="bbox 168 2945 1248 3020; baseline 0 -20"><span class='ocrx_word' id='word_1_239' title='bbox 168 2945 271 3001; x_wconf 90' lang='lat' dir='ltr'><strong>censeri</strong></span> <span class='ocrx_word' id='word_1_240' title='bbox 299 2955 327 3002; x_wconf 92' lang='lat' dir='ltr'><strong>et</strong></span> <span class='ocrx_word' id='word_1_241' title='bbox 354 2945 490 3019; x_wconf 88' lang='lat' dir='ltr'><strong>publicum</strong></span> <span class='ocrx_word' id='word_1_242' title='bbox 507 2945 678 3014; x_wconf 28' lang='lat' dir='ltr'><strong>,frumentum</strong></span> <span class='ocrx_word' id='word_1_243' title='bbox 699 2947 828 3020; x_wconf 88' lang='lat' dir='ltr'><strong>accipere,</strong></span> <span class='ocrx_word' id='word_1_244' title='bbox 859 2947 905 3002; x_wconf 88' lang='lat' dir='ltr'><strong>sed</strong></span> <span class='ocrx_word' id='word_1_245' title='bbox 929 2963 986 3003; x_wconf 90' lang='lat' dir='ltr'><strong>eam</strong></span> <span class='ocrx_word' id='word_1_246' title='bbox 1007 2945 1158 3002; x_wconf 88' lang='lat' dir='ltr'><strong>libertatem</strong></span> <span class='ocrx_word' id='word_1_247' title='bbox 1180 2960 1248 3018; x_wconf 91' lang='lat' dir='ltr'><strong>quae</strong></span> 
     </span>
     <span class='ocr_line' id='line_1_33' title="bbox 167 3028 1247 3105; baseline -0.001 -21"><span class='ocrx_word' id='word_1_248' title='bbox 167 3029 201 3084; x_wconf 92' lang='lat' dir='ltr'><strong>de</strong></span> <span class='ocrx_word' id='word_1_249' title='bbox 228 3030 316 3086; x_wconf 91' lang='lat' dir='ltr'><strong>studio</strong></span> <span class='ocrx_word' id='word_1_250' title='bbox 338 3031 522 3105; x_wconf 91' lang='lat' dir='ltr'><strong>philosophiae</strong></span> <span class='ocrx_word' id='word_1_251' title='bbox 544 3031 672 3088; x_wconf 89' lang='lat' dir='ltr'><strong>nascitur.</strong></span> <span class='ocrx_word' id='word_1_252' title='bbox 700 3031 790 3087; x_wconf 91' lang='lat' dir='ltr'><strong>Velina</strong></span> <span class='ocrx_word' id='word_1_253' title='bbox 819 3030 906 3087; x_wconf 88' lang='lat' dir='ltr'><strong>tribus</strong></span> <span class='ocrx_word' id='word_1_254' title='bbox 928 3047 1040 3087; x_wconf 90' lang='lat' dir='ltr'><strong>numero</strong></span> <span class='ocrx_word' id='word_1_255' title='bbox 1063 3029 1174 3085; x_wconf 93' lang='lat' dir='ltr'><strong>aliarum</strong></span> <span class='ocrx_word' id='word_1_256' title='bbox 1196 3028 1247 3084; x_wconf 92' lang='lat' dir='ltr'><strong>tri-</strong></span> 
     </span>
     <span class='ocr_line' id='line_1_34' title="bbox 166 3112 1248 3190; baseline -0.001 -21"><span class='ocrx_word' id='word_1_257' title='bbox 166 3112 251 3169; x_wconf 87' lang='lat' dir='ltr'><strong>buum</strong></span> <span class='ocrx_word' id='word_1_258' title='bbox 279 3116 397 3172; x_wconf 89' lang='lat' dir='ltr'><strong>accessit.</strong></span> <span class='ocrx_word' id='word_1_259' title='bbox 441 3133 502 3172; x_wconf 92' lang='lat' dir='ltr'><strong>nam</strong></span> <span class='ocrx_word' id='word_1_260' title='bbox 531 3116 578 3190; x_wconf 91' lang='lat' dir='ltr'><strong>qui</strong></span> <span class='ocrx_word' id='word_1_261' title='bbox 605 3117 675 3173; x_wconf 89' lang='lat' dir='ltr'><strong>circa</strong></span> <span class='ocrx_word' id='word_1_262' title='bbox 697 3116 820 3173; x_wconf 90' lang='lat' dir='ltr'><strong>Velinum</strong></span> <span class='ocrx_word' id='word_1_263' title='bbox 840 3115 928 3172; x_wconf 88' lang='lat' dir='ltr'><strong>lacum</strong></span> <span class='ocrx_word' id='word_1_264' title='bbox 950 3114 1114 3180; x_wconf 87' lang='lat' dir='ltr'><strong>habitabant,</strong></span> <span class='ocrx_word' id='word_1_265' title='bbox 1137 3114 1248 3169; x_wconf 86' lang='lat' dir='ltr'><strong>Romam</strong></span> 
     </span>
     <span class='ocr_line' id='line_1_35' title="bbox 167 3197 1248 3273; baseline -0.001 -19"><span class='ocrx_word' id='word_1_266' title='bbox 167 3197 290 3254; x_wconf 91' lang='lat' dir='ltr'><strong>translati</strong></span> <span class='ocrx_word' id='word_1_267' title='bbox 317 3209 390 3256; x_wconf 88' lang='lat' dir='ltr'><strong>sunt.</strong></span> <span class='ocrx_word' id='word_1_268' title='bbox 435 3201 534 3258; x_wconf 85' lang='lat' dir='ltr'><strong>Romae</strong></span> <span class='ocrx_word' id='word_1_269' title='bbox 566 3211 654 3258; x_wconf 91' lang='lat' dir='ltr'><strong>autem</strong></span> <span class='ocrx_word' id='word_1_270' title='bbox 682 3209 739 3258; x_wconf 92' lang='lat' dir='ltr'><strong>erat</strong></span> <span class='ocrx_word' id='word_1_271' title='bbox 767 3202 951 3266; x_wconf 90' lang='lat' dir='ltr'><strong>consuetudo,</strong></span> <span class='ocrx_word' id='word_1_272' title='bbox 981 3210 1011 3257; x_wconf 86' lang='lat' dir='ltr'><strong>ut</strong></span> <span class='ocrx_word' id='word_1_273' title='bbox 1034 3199 1193 3273; x_wconf 88' lang='lat' dir='ltr'><strong>omnesqui</strong></span> <span class='ocrx_word' id='word_1_274' title='bbox 1216 3214 1248 3254; x_wconf 82' lang='lat' dir='ltr'><strong>ex</strong></span> 
     </span>
     <span class='ocr_line' id='line_1_36' title="bbox 167 3283 1247 3352; baseline -0.001 -14"><span class='ocrx_word' id='word_1_275' title='bbox 167 3283 375 3341; x_wconf 89' lang='lat' dir='ltr'><strong>manumissione</strong></span> <span class='ocrx_word' id='word_1_276' title='bbox 403 3285 472 3342; x_wconf 87' lang='lat' dir='ltr'><strong>cives</strong></span> <span class='ocrx_word' id='word_1_277' title='bbox 494 3287 605 3342; x_wconf 85' lang='lat' dir='ltr'><strong>Romani</strong></span> <span class='ocrx_word' id='word_1_278' title='bbox 627 3285 736 3352; x_wconf 87' lang='lat' dir='ltr'><strong>fiebant,</strong></span> <span class='ocrx_word' id='word_1_279' title='bbox 764 3286 791 3343; x_wconf 91' lang='lat' dir='ltr'><strong>in</strong></span> <span class='ocrx_word' id='word_1_280' title='bbox 814 3303 926 3343; x_wconf 91' lang='lat' dir='ltr'><strong>numero</strong></span> <span class='ocrx_word' id='word_1_281' title='bbox 949 3286 1045 3342; x_wconf 86' lang='lat' dir='ltr'><strong>civium</strong></span> <span class='ocrx_word' id='word_1_282' title='bbox 1065 3285 1247 3340; x_wconf 86' lang='lat' dir='ltr'><strong>Romanorum</strong></span> 
     </span>
     <span class='ocr_line' id='line_1_37' title="bbox 167 3367 1247 3445; baseline -0.001 -22"><span class='ocrx_word' id='word_1_283' title='bbox 167 3367 334 3426; x_wconf 86' lang='lat' dir='ltr'><strong>frumentum</strong></span> <span class='ocrx_word' id='word_1_284' title='bbox 355 3371 494 3444; x_wconf 90' lang='lat' dir='ltr'><strong>publicum</strong></span> <span class='ocrx_word' id='word_1_285' title='bbox 516 3371 678 3445; x_wconf 87' lang='lat' dir='ltr'><strong>acciperent.</strong></span> <span class='ocrx_word' id='word_1_286' title='bbox 701 3388 797 3427; x_wconf 87' lang='lat' dir='ltr'><strong>sensus</strong></span> <span class='ocrx_word' id='word_1_287' title='bbox 820 3380 874 3428; x_wconf 87' lang='lat' dir='ltr'><strong>est:</strong></span> <span class='ocrx_word' id='word_1_288' title='bbox 900 3370 1024 3428; x_wconf 89' lang='lat' dir='ltr'><strong>libertate</strong></span> <span class='ocrx_word' id='word_1_289' title='bbox 1047 3370 1175 3425; x_wconf 86' lang='lat' dir='ltr'><strong>utendum</strong></span> <span class='ocrx_word' id='word_1_290' title='bbox 1198 3373 1247 3429; x_wconf 87' lang='lat' dir='ltr'><strong>est,</strong></span> 
     </span>
    </p>
   </div>
   <div class='ocr_carea' id='block_1_6' title="bbox 166 3544 1249 4027">
    <p class='ocr_par' dir='ltr' id='par_1_15' title="bbox 166 3544 1249 4027">
     <span class='ocr_line' id='line_1_38' title="bbox 258 3544 1246 3617; baseline -0.005 -15"><span class='ocrx_word' id='word_1_291' title='bbox 258 3549 452 3604; x_wconf 70' lang='lat' dir='ltr'><strong>adieceritot:</strong></span> <span class='ocrx_word' id='word_1_292' title='bbox 471 3551 620 3617; x_wconf 82' lang='lat' dir='ltr'><strong>FregeritP</strong></span> <span class='ocrx_word' id='word_1_293' title='bbox 689 3551 740 3604; x_wconf 87' lang='lat' dir='ltr'><strong>laci</strong></span> <span class='ocrx_word' id='word_1_294' title='bbox 762 3560 785 3604; x_wconf 88' lang='grc' dir='ltr'>α</span> <span class='ocrx_word' id='word_1_295' title='bbox 856 3554 885 3604; x_wconf 84' lang='grc'><strong>61</strong></span> <span class='ocrx_word' id='word_1_296' title='bbox 906 3552 958 3603; x_wconf 91' lang='lat' dir='ltr'><strong>uita</strong></span> <span class='ocrx_word' id='word_1_297' title='bbox 977 3553 1001 3602; x_wconf 90' lang='lat' dir='ltr'><em>P</em></span> <span class='ocrx_word' id='word_1_298' title='bbox 1066 3546 1155 3598; x_wconf 89' lang='lat' dir='ltr'><strong>relicta</strong></span> <span class='ocrx_word' id='word_1_299' title='bbox 1173 3544 1246 3607; x_wconf 80' lang='lat' dir='ltr'><strong>Pes.</strong></span> 
     </span>
     <span class='ocr_line' id='line_1_39' title="bbox 171 3615 1246 3685; baseline -0.002 -17"><span class='ocrx_word' id='word_1_300' title='bbox 171 3617 335 3670; x_wconf 81' lang='lat' dir='ltr'><strong>Claudianus</strong></span> <span class='ocrx_word' id='word_1_301' title='bbox 352 3622 382 3670; x_wconf 82' lang='lat' dir='ltr'><strong>tn</strong></span> <span class='ocrx_word' id='word_1_302' title='bbox 403 3622 566 3685; x_wconf 80' lang='lat' dir='ltr'><strong>Eutropiam</strong></span> <span class='ocrx_word' id='word_1_303' title='bbox 584 3621 614 3671; x_wconf 92' lang='lat' dir='ltr'><strong>ll</strong></span> <span class='ocrx_word' id='word_1_304' title='bbox 628 3622 679 3675; x_wconf 81' lang='lat'><strong>501</strong></span> <span class='ocrx_word' id='word_1_305' title='bbox 776 3623 809 3672; x_wconf 82' lang='lat'><strong>62</strong></span> <span class='ocrx_word' id='word_1_306' title='bbox 827 3620 921 3671; x_wconf 87' lang='lat' dir='ltr'><strong>carthis</strong></span> <span class='ocrx_word' id='word_1_307' title='bbox 940 3620 993 3670; x_wconf 89' lang='grc' dir='ltr'><strong>αΡ</strong></span> <span class='ocrx_word' id='word_1_308' title='bbox 1082 3617 1114 3668; x_wconf 85' lang='grc'><strong>63</strong></span> <span class='ocrx_word' id='word_1_309' title='bbox 1133 3615 1200 3666; x_wconf 89' lang='lat' dir='ltr'><strong>enim</strong></span> <span class='ocrx_word' id='word_1_310' title='bbox 1218 3629 1246 3666; x_wconf 92' lang='lat' dir='ltr'><strong>es</strong></span> 
     </span>
     <span class='ocr_line' id='line_1_40' title="bbox 169 3682 1247 3752; baseline -0.004 -16"><span class='ocrx_word' id='word_1_311' title='bbox 169 3682 274 3749; x_wconf 82' lang='lat' dir='ltr'><strong>(fuerat</strong></span> <span class='ocrx_word' id='word_1_312' title='bbox 291 3691 339 3752; x_wconf 87' lang='lat' dir='ltr'><strong>eat)</strong></span> <span class='ocrx_word' id='word_1_313' title='bbox 358 3688 480 3740; x_wconf 89' lang='lat' dir='ltr'><strong>iuuenum</strong></span> <span class='ocrx_word' id='word_1_314' title='bbox 498 3691 522 3740; x_wconf 88' lang='grc' dir='ltr'><em>Ρ</em></span> <span class='ocrx_word' id='word_1_315' title='bbox 598 3691 631 3741; x_wconf 78' lang='grc'><strong>64</strong></span> <span class='ocrx_word' id='word_1_316' title='bbox 649 3688 809 3740; x_wconf 85' lang='lat' dir='ltr'><strong>cleteanthea</strong></span> <span class='ocrx_word' id='word_1_317' title='bbox 829 3695 852 3739; x_wconf 86' lang='grc' dir='ltr'>α</span> <span class='ocrx_word' id='word_1_318' title='bbox 871 3688 979 3739; x_wconf 91' lang='lat' dir='ltr'><strong>cliantea</strong></span> <span class='ocrx_word' id='word_1_319' title='bbox 998 3688 1022 3737; x_wconf 88' lang='grc' dir='ltr'><em>Ρ</em></span> <span class='ocrx_word' id='word_1_320' title='bbox 1099 3685 1131 3736; x_wconf 83' lang='grc'><strong>65</strong></span> <span class='ocrx_word' id='word_1_321' title='bbox 1150 3683 1247 3734; x_wconf 89' lang='lat' dir='ltr'><strong>miseri-</strong></span> 
     </span>
     <span class='ocr_line' id='line_1_41' title="bbox 170 3752 1245 3820; baseline -0.004 -15"><span class='ocrx_word' id='word_1_322' title='bbox 170 3768 220 3819; x_wconf 91' lang='lat' dir='ltr'><strong>que</strong></span> <span class='ocrx_word' id='word_1_323' title='bbox 238 3756 307 3820; x_wconf 83' lang='lat' dir='ltr'><strong>Ppr.</strong></span> <span class='ocrx_word' id='word_1_324' title='bbox 387 3759 419 3810; x_wconf 91' lang='grc'><strong>66</strong></span> <span class='ocrx_word' id='word_1_325' title='bbox 438 3771 493 3808; x_wconf 88' lang='lat' dir='ltr'><strong>cras</strong></span> <span class='ocrx_word' id='word_1_326' title='bbox 512 3755 557 3808; x_wconf 89' lang='lat' dir='ltr'><strong>fiat</strong></span> <span class='ocrx_word' id='word_1_327' title='bbox 576 3764 600 3808; x_wconf 89' lang='grc' dir='ltr'><em>α</em></span> <span class='ocrx_word' id='word_1_328' title='bbox 679 3759 710 3809; x_wconf 91' lang='grc'><strong>67</strong></span> <span class='ocrx_word' id='word_1_329' title='bbox 730 3755 797 3808; x_wconf 90' lang='lat' dir='ltr'><strong>diest</strong></span> <span class='ocrx_word' id='word_1_330' title='bbox 816 3763 839 3807; x_wconf 85' lang='grc' dir='ltr'>α</span> <span class='ocrx_word' id='word_1_331' title='bbox 919 3757 951 3808; x_wconf 88' lang='grc'><strong>68</strong></span> <span class='ocrx_word' id='word_1_332' title='bbox 969 3753 1143 3809; x_wconf 84' lang='lat' dir='ltr'><strong>externumP</strong></span> <span class='ocrx_word' id='word_1_333' title='bbox 1214 3752 1245 3802; x_wconf 85' lang='grc'><strong>69</strong></span> 
     </span>
     <span class='ocr_line' id='line_1_42' title="bbox 169 3820 1249 3892; baseline -0.004 -21"><span class='ocrx_word' id='word_1_334' title='bbox 169 3820 218 3872; x_wconf 81' lang='lat' dir='ltr'><strong>lios</strong></span> <span class='ocrx_word' id='word_1_335' title='bbox 236 3828 298 3888; x_wconf 77' lang='lat' dir='ltr'><strong>ap:</strong></span> <span class='ocrx_word' id='word_1_336' title='bbox 316 3823 368 3875; x_wconf 86' lang='lat' dir='ltr'><strong>lroc</strong></span> <span class='ocrx_word' id='word_1_337' title='bbox 385 3827 409 3876; x_wconf 90' lang='lat' dir='ltr'><em>P</em></span> <span class='ocrx_word' id='word_1_338' title='bbox 475 3827 508 3877; x_wconf 83' lang='lat' dir='ltr'><strong>to</strong></span> <span class='ocrx_word' id='word_1_339' title='bbox 527 3840 603 3892; x_wconf 89' lang='lat' dir='ltr'><strong>quarn</strong></span> <span class='ocrx_word' id='word_1_340' title='bbox 622 3840 702 3892; x_wconf 92' lang='lat' dir='ltr'><strong>prope</strong></span> <span class='ocrx_word' id='word_1_341' title='bbox 721 3839 748 3876; x_wconf 90' lang='lat' dir='ltr'><strong>se</strong></span> <span class='ocrx_word' id='word_1_342' title='bbox 762 3832 785 3876; x_wconf 86' lang='grc' dir='ltr'>α</span> <span class='ocrx_word' id='word_1_343' title='bbox 804 3839 957 3892; x_wconf 88' lang='lat' dir='ltr'><strong>quamquam</strong></span> <span class='ocrx_word' id='word_1_344' title='bbox 976 3827 994 3888; x_wconf 88' lang='grc' dir='ltr'><strong><em>ς</em></strong></span> <span class='ocrx_word' id='word_1_345' title='bbox 1063 3826 1166 3873; x_wconf 91' lang='lat' dir='ltr'><strong>temone</strong></span> <span class='ocrx_word' id='word_1_346' title='bbox 1179 3833 1249 3868; x_wconf 85' lang='lat' dir='ltr'><strong>corr.</strong></span> 
     </span>
     <span class='ocr_line' id='line_1_43' title="bbox 170 3887 1248 3945; baseline -0.005 -6"><span class='ocrx_word' id='word_1_347' title='bbox 170 3905 205 3940; x_wconf 74' lang='lat' dir='ltr'><strong>eac</strong></span> <span class='ocrx_word' id='word_1_348' title='bbox 222 3893 327 3943; x_wconf 87' lang='lat' dir='ltr'><strong>temone</strong></span> <span class='ocrx_word' id='word_1_349' title='bbox 347 3899 370 3943; x_wconf 86' lang='grc' dir='ltr'>α</span> <span class='ocrx_word' id='word_1_350' title='bbox 389 3909 424 3942; x_wconf 76' lang='lat' dir='ltr'><strong>ee</strong></span> <span class='ocrx_word' id='word_1_351' title='bbox 448 3898 549 3944; x_wconf 92' lang='lat' dir='ltr'><strong>tenemo</strong></span> <span class='ocrx_word' id='word_1_352' title='bbox 567 3895 592 3944; x_wconf 87' lang='lat' dir='ltr'><em>P</em></span> <span class='ocrx_word' id='word_1_353' title='bbox 659 3897 689 3944; x_wconf 85' lang='grc'><strong>71</strong></span> <span class='ocrx_word' id='word_1_354' title='bbox 710 3908 737 3945; x_wconf 93' lang='lat' dir='ltr'><strong>se</strong></span> <span class='ocrx_word' id='word_1_355' title='bbox 754 3895 778 3944; x_wconf 88' lang='lat' dir='ltr'><strong><em>P</em></strong></span> <span class='ocrx_word' id='word_1_356' title='bbox 845 3900 947 3944; x_wconf 89' lang='lat' dir='ltr'><strong>cautum</strong></span> <span class='ocrx_word' id='word_1_357' title='bbox 967 3893 1023 3942; x_wconf 87' lang='grc' dir='ltr'><strong>αΡ</strong></span> <span class='ocrx_word' id='word_1_358' title='bbox 1101 3890 1134 3941; x_wconf 85' lang='grc'><strong>73</strong></span> <span class='ocrx_word' id='word_1_359' title='bbox 1153 3887 1248 3938; x_wconf 84' lang='lat' dir='ltr'><strong>distin-</strong></span> 
     </span>
     <span class='ocr_line' id='line_1_44' title="bbox 166 3960 512 4027; baseline 0.009 -19"><span class='ocrx_word' id='word_1_360' title='bbox 166 3960 287 4022; x_wconf 82' lang='lat' dir='ltr'><strong>guebant</strong></span> <span class='ocrx_word' id='word_1_361' title='bbox 305 3961 414 4027; x_wconf 87' lang='lat' dir='ltr'><strong>quisque</strong></span> <span class='ocrx_word' id='word_1_362' title='bbox 432 3963 465 4011; x_wconf 82' lang='lat' dir='ltr'><strong>ab</strong></span> <span class='ocrx_word' id='word_1_363' title='bbox 484 3965 512 4012; x_wconf 93' lang='lat' dir='ltr'><strong>ut</strong></span> 
     </span>
    </p>
   </div>
   <div class='ocr_carea' id='block_1_7' title="bbox 0 0 1404 4444">
    <p class='ocr_par' dir='ltr' id='par_1_16' title="bbox 0 0 1404 4444">
     <span class='ocr_line' id='line_1_45' title="bbox 0 0 1404 4444; baseline 0 0"><span class='ocrx_word' id='word_1_364' title='bbox 0 0 1404 4444; x_wconf 95' lang='lat' dir='ltr'><strong> </strong></span> 
     </span>
    </p>
   </div>
  </div>
 </body>
</html>
