2792 4444
607 179 740 233 SATVRA
758 181 781 233 V
1192 180 1230 240 37

154 350 282 412 fervebit
303 368 390 430 saepe
413 351 525 414 insulso
549 352 681 412 cenanda
705 351 838 432 Glyconi.

156 445 188 497 tu
211 455 309 515 neque
332 436 493 510 anhelanti,
520 437 661 514 coquitur
682 437 751 497 dum
776 455 869 499 massa
892 439 1018 513 camino,
1206 448 1234 500 10

156 522 225 582 lolle
248 521 359 600 premis
382 528 495 594 ventos,
519 539 575 581 nec
598 522 697 582 clauso
722 539 873 584 murmure
896 541 1003 584 raucus
1234 539 1238 548 ’

156 606 257 668 nescio
281 606 351 684 quid
374 615 473 666 tecum
496 624 583 684 grave
607 607 769 667 cornicaris
791 607 902 686 inepte,

156 710 213 753 nec
235 691 358 774 seloppo
382 690 508 752 tumidas
530 691 661 752 intendis
682 710 822 772 rumpere
845 693 963 754 buccas·

155 777 244 862 verba
267 776 509 862 tqusequeris
531 776 667 837 iunctura
691 777 813 838 callidus
836 778 905 851 acri,

157 879 208 922 ore
231 870 310 922 teres
332 860 458 932 modico,
481 861 618 940 pallentis
640 863 742 922 radere
765 881 864 924 mores

157 947 261 1007 doctus
284 955 313 1007 et
335 947 467 1025 ingenuo
491 932 608 1024 cuffiam
631 946 760 1025 deligere
782 938 862 1008 l‘do.

156 1031 228 1092 hinc
250 1032 333 1091 trahe
356 1021 432 1109 qliae
455 1031 537 1104 dicia,
561 1049 738 1110 mensasque
760 967 897 1111 rehoque
920 1030 1051 1112 Mycenis

157 1151 204 1227 qui
233 1169 294 1208 eum
321 1152 481 1208 immolaret.
511 1163 536 1208 et
564 1169 624 1208 cum
647 1170 708 1210 eum
729 1153 851 1210 adultera
873 1153 985 1210 moecho
1009 1152 1161 1210 tradidisset
1181 1152 1235 1208 im-

155 1237 319 1302 molandum,
348 1237 392 1293 ille
421 1254 451 1293 re
480 1237 587 1310 cognita
608 1237 677 1294 filios
699 1238 821 1294 adultero
845 1239 1023 1295 comedendos
1045 1237 1180 1312 apposuit.
1204 1254 1236 1293 ex

155 1339 209 1396 quo
231 1323 345 1378 maximo
368 1322 478 1378 crimine
499 1322 597 1396 scripta
619 1323 754 1395 tragoedia
778 1333 827 1380 est.
946 1326 963 1380 9
987 1323 1030 1379 hic
1052 1323 1154 1397 Glycon
1178 1331 1236 1379 tra·

154 1409 257 1480 goellus
279 1406 331 1464 luit
352 1407 464 1464 Neronis
487 1406 665 1480 temporibus.
688 1408 745 1463 alii:
770 1407 915 1482 Glycouem
937 1408 1131 1481 pantomimum
1149 1407 1236 1480 signi-

154 1491 224 1548 ficat.
270 1493 373 1567 Glycon
407 1493 550 1566 tragoedus
582 1493 685 1567 populo
719 1493 785 1548 mire
813 1491 914 1567 placuit
943 1503 970 1549 et
999 1493 1057 1549 ideo
1086 1509 1102 1547 a
1129 1492 1236 1548 Nerone

153 1579 331 1634 manumissus
360 1586 401 1634 est
424 1578 490 1634 datis
512 1577 628 1651 Vergilio
660 1579 788 1652 tragoedo
811 1578 919 1634 domino
942 1578 999 1634 eius
1022 1594 1071 1651 pro
1095 1586 1170 1651 parte
1193 1576 1236 1631 di·

153 1661 247 1728 midia,
277 1680 357 1736 quam
386 1661 549 1736 possidebat,
576 1663 703 1720 sestertiis
726 1664 852 1720 trecentis
876 1663 992 1720 milibus.
1015 1679 1075 1718 nam
1099 1663 1192 1719 dicunt
1216 1679 1233 1716 a

153 1763 214 1803 cum
237 1747 323 1803 adhue
346 1747 454 1810 viveret,
478 1748 574 1812 minax,
598 1757 715 1804 staturae
730 1749 836 1822 longae,
859 1749 981 1822 eorporis
996 1747 1074 1819 lusci,
1097 1747 1168 1803 labio
1192 1748 1237 1802 in-

154 1831 253 1886 leriore
275 1830 405 1894 demisso,
436 1838 579 1903 autequam
609 1831 803 1889 subornaretur
826 1831 968 1897 deformis,
998 1834 1081 1889 iocari
1104 1833 1236 1889 nesciens.

152 1923 265 1989 propter
288 1917 361 1989 quod
384 1932 444 1972 eum
466 1914 599 1971 insulsum
622 1916 728 1972 Persius
752 1916 825 1974 dixit.
943 1920 980 1974 10
1004 1926 1032 1974 et
1053 1917 1180 1974 Horatius
1201 1917 1238 1973 ait

153 1999 219 2074 [sot.
240 2003 264 2065 l,
291 2004 320 2065 4,
341 1998 389 2074 19]
407 1993 450 2057 ‘at
474 2011 502 2057 tu
525 1999 665 2056 conclusas
687 2001 794 2056 hircinis
817 1999 927 2056 lollibus
948 2017 1027 2057 auras
1049 2019 1136 2074 usque
1156 2001 1237 2057 labo-

154 2095 253 2151 rantes,
278 2085 340 2142 dum
364 2085 465 2142 lerrum
486 2085 589 2142 molliat
611 2085 688 2160 ignis,
712 2095 743 2142 ut
763 2087 855 2151 mavis,
878 2081 1001 2142 imitare?
1092 2088 1129 2142 12
1147 2086 1237 2142 corni·

155 2171 221 2227 caris
249 2188 349 2228 novum
372 2188 386 2227 a
408 2179 488 2245 poeta
516 2170 628 2228 verbum
657 2171 846 2245 compositum.
876 2171 1079 2228 submurmuras
1107 2179 1135 2227 et
1162 2171 1238 2244 quasi

155 2255 269 2311 cornicis
291 2272 372 2312 voces
393 2256 509 2328 prolers.
585 2260 621 2315 13
645 2256 753 2330 stloppo
777 2257 840 2312 dixit
861 2256 1059 2331 metaphoricos
1081 2273 1094 2312 a
1115 2256 1239 2314 ludenti-

153 2338 205 2395 bus
227 2340 328 2412 pueris,
352 2341 399 2412 qui
421 2339 518 2395 buccas
540 2339 644 2395 inllatas
667 2339 757 2396 subito
769 2341 893 2413 aperiunt
904 2350 932 2398 et
947 2350 1035 2398 totum
1049 2340 1129 2397 simul
1143 2341 1237 2398 ilatum

155 2441 216 2480 cum
238 2423 329 2480 souitu
351 2423 478 2479 lunduut.
549 2426 585 2480 14
610 2424 689 2479 verba
712 2433 791 2496 togae
813 2425 943 2497 sequeris.
987 2426 1014 2480 id
1038 2433 1077 2480 est
1099 2434 1160 2498 apta
1176 2426 1236 2498 paci

154 2506 197 2567 vel
219 2508 345 2574 forensia,
369 2507 467 2582 quihus
490 2507 614 2565 causidici
636 2508 664 2563 in
686 2525 811 2564 sermone
833 2508 979 2564 cottidiano
1003 2516 1127 2564 utuntur.
1174 2519 1237 2583 toga

155 2604 195 2651 est
218 2594 295 2657 dicta,
318 2595 393 2667 quod
414 2593 564 2651 velamento
587 2609 637 2648 suo
660 2609 758 2668 corpus
774 2601 941 2666 legaratque
956 2592 1069 2666 operiat.
1092 2601 1134 2648 est
1148 2601 1237 2649 autem

154 2697 252 2752 purum
284 2679 394 2752 pallium
425 2679 511 2735 lorma
533 2679 649 2735 rotunda
672 2688 699 2735 et
720 2677 822 2735 fusiore
844 2685 925 2752 atque
947 2678 1094 2734 inundante
1116 2678 1186 2734 sinu.
1210 2675 1237 2735 el

155 2763 206 2821 suh
230 2765 322 2820 dextro
351 2765 461 2821 veniens
483 2778 565 2838 super
593 2781 717 2820 umerum
740 2764 879 2820 sinistrum
901 2764 1022 2838 ponitur.
1045 2763 1121 2820 cuius
1143 2762 1237 2820 simili-

156 2850 275 2905 tudinem
308 2850 334 2905 iu
370 2849 542 2923 operimentis
576 2848 778 2906 simulacrorum
812 2849 854 2905 vel
885 2851 1051 2922 picturarum
1084 2849 1236 2923 aspicimus,

156 2950 254 3007 easque
283 2941 385 2991 statuas
420 2943 522 3008 togatas
553 2951 687 2990 vocamus.
727 2943 789 3006 toga
816 2950 880 2990 vero
904 2934 1014 2990 Romani
1036 2934 1062 2988 in
1085 2951 1151 3007 pace
1172 2943 1238 2990 ute-

156 3017 270 3084 bantur,
304 3019 367 3076 helli
399 3028 489 3076 autem
522 3028 643 3093 tempure
672 3019 875 3091 paludamentis.
904 3034 1030 3074 mensura
1053 3027 1130 3091 togae
1151 3019 1238 3074 iustae

155 3118 234 3158 senas
255 3102 332 3160 ulnas
353 3104 478 3161 habebat.
596 3105 634 3159 sic
656 3102 758 3164 scribis,
781 3113 813 3159 ut
834 3120 922 3159 sermo
946 3112 1008 3160 tuus
1031 3102 1134 3160 urbane
1155 3111 1238 3178 atquc

156 3196 218 3260 apte
239 3186 374 3260 iungatur.
481 3188 553 3246 bona
576 3189 771 3262 compositione
794 3197 908 3254 tantum,
932 3188 958 3244 id
981 3198 1022 3245 est
1043 3189 1238 3245 versificatione

156 3272 297 3328 discedens
319 3289 334 3327 a
355 3273 445 3347 vulgo.
564 3277 600 3332 15
624 3273 727 3347 peritus
749 3289 837 3330 mures
861 3273 1014 3330 obtrectare
1034 3274 1145 3330 vitiosus
1167 3271 1238 3328 scri-

156 3356 245 3414 bendo
268 3357 375 3413 satiram
397 3368 424 3415 et
447 3357 638 3433 obiurgationis
661 3358 889 3415 animadversione
911 3358 1063 3431 corrigere,
1090 3365 1121 3412 ut
1142 3355 1238 3411 medici

157 3444 249 3499 radere
273 3443 400 3500 dicuntur
422 3461 528 3501 carnem
551 3445 584 3502 de
606 3442 762 3500 vulneribus
785 3452 900 3516 putrem,
925 3444 988 3498 dum
1011 3443 1045 3498 ad
1068 3441 1155 3496 vivum
1171 3458 1238 3515 per·

156 3529 274 3601 veniant,
299 3545 352 3602 quo
376 3529 479 3586 lacilius
502 3537 606 3586 curent.
706 3531 741 3586 17
766 3529 798 3584 de
820 3526 940 3584 moribus
963 3526 1128 3599 corrigendis
1150 3526 1238 3583 scribe

243 3661 258 3710 9
276 3659 361 3710 iuuiso
378 3661 403 3710 P
487 3659 588 3726 cycloni
607 3661 630 3710 Ρ
652 3658 757 3724 (gliconi
774 3673 906 3722 superma.
929 3672 1026 3707 munire
1043 3656 1235 3720 recentissima)

246 3729 277 3779 10
296 3727 397 3778 camino
417 3735 463 3792 etp
481 3728 562 3779 schol.
582 3727 645 3780 Hor.
663 3731 713 3777 cat.
732 3726 745 3776 l
763 3727 787 3790 a,
807 3726 850 3777 19:
872 3725 964 3776 camini
982 3728 1006 3777 P
1074 3728 1102 3778 lt
1123 3725 1195 3776 cluso
1211 3730 1235 3774 α

243 3809 333 3848 raucos
352 3796 376 3845 P
460 3798 491 3847 12
516 3795 686 3862 quitecumP
772 3797 802 3847 13
827 3793 968 3860 stloppog
1056 3795 1087 3845 15
1108 3796 1193 3844 terens
1212 3797 1237 3840 α

158 3861 256 3927 terisp
326 3862 495 3928 roderePpr.
567 3861 1048 3928 lbingenuolurosoa'nPcccib?
1119 3863 1148 3913 17
1167 3859 1237 3910 dicas

156 3931 176 3994 ς
244 3944 366 3996 mycenas
384 3931 408 3980 P
