2792 4444
604 216 736 270 saevus
753 217 765 270 1

151 391 228 452 scire
249 399 334 451 tuum
356 391 429 451 nihil
452 403 505 464 est,
530 391 640 453 uisite
663 391 738 453 scire
761 393 818 452 hoc
840 391 913 452 sciat
933 389 1031 452 alteri

149 468 192 536 ‘at
214 476 372 555 pulchrum
394 485 438 538 est
459 477 550 556 digito
572 477 733 538 monstrari
756 485 786 537 et
801 476 899 537 dicier
917 468 989 537 “hio
1011 475 1096 552 est”;

151 570 202 622 ten
226 561 399 623 cirratorum
424 570 543 622 centum
566 563 673 623 dictata
695 563 785 622 luisse

149 665 205 724 pro
229 646 321 707 nihilo
344 637 491 726 pendes‘l’
528 665 598 708 ecoe
620 649 699 708 inter
720 647 827 726 pocula
849 654 998 724 quaerunt
1195 657 1224 708 a]

148 731 323 792 Romulidae
345 732 446 806 saturi,
469 732 539 810 quid
556 733 609 794 dia
630 741 766 813 poemata
789 739 920 792 narrent.

149 817 199 876 hic
220 817 326 894 aliquis
348 818 395 879 cui
418 817 531 877 circum
552 835 673 880 umeros
694 817 883 897 hyacinthina
909 815 992 876 laena
1014 826 1068 890 eat,
1273 839 1305 925 a!

147 901 334 980 rancidulum
356 903 494 980 quiddam
515 902 600 963 balba
623 904 659 964 de
682 920 754 963 nare
776 902 893 962 locutus
1222 881 1274 948 'W

150 973 308 1066 Phyllidas,
330 987 514 1068 Hypsipylae,
538 996 637 1049 vatum
659 997 689 1049 et
710 987 854 1065 plorabile
875 985 983 1065 siquid,

147 1071 258 1150 eliquat
279 1090 313 1132 ac
334 1081 439 1134 tenero
463 1072 636 1152 subplantat
657 1072 745 1134 verba
768 1072 874 1152 palato.
1194 1079 1222 1130 35

146 1272 279 1358 ποφορὰ
301 1281 354 1338 καὶ
376 1272 463 1358 παρὰ
485 1281 693 1358 προσδοκίαν,
721 1279 783 1352 quia
809 1296 859 1353 per
887 1295 962 1334 suam
984 1277 1079 1334 transit
1101 1275 1129 1332 in
1150 1274 1221 1344 illius

146 1372 242 1438 poetae
263 1380 356 1421 vocem
379 1381 458 1438 quem
482 1364 652 1438 corripiebat,
676 1381 726 1421 nec
749 1372 835 1420 tamen
856 1363 966 1420 recessit
989 1380 1004 1419 a
1026 1379 1073 1418 sua
1095 1378 1221 1435 persona.

232 1451 271 1506 27
295 1449 360 1505 haec
382 1449 509 1523 periodus
531 1450 602 1523 apud
616 1449 745 1506 Lucilium
761 1449 847 1522 posita
869 1457 924 1504 est:
945 1436 990 1504 ‘ut
1010 1465 1054 1504 me
1075 1447 1144 1502 scire
1158 1445 1220 1503 yolo

145 1533 213 1600 dici,
236 1531 299 1588 mihi
321 1533 432 1591 consciu
454 1535 476 1590 si
498 1552 572 1599 sum,
596 1551 630 1591 ne
653 1536 777 1590 damnum
797 1527 913 1590 faciam'
1000 1533 1039 1591 28
1063 1532 1106 1589 bic
1126 1530 1221 1604 requi-

144 1618 213 1674 ritur
236 1618 346 1675 historia
369 1619 561 1683 Demosthenis,
586 1619 631 1694 qui
655 1637 716 1676 oum
738 1620 864 1675 transiret
888 1627 915 1674 et
935 1635 951 1674 a
973 1615 1157 1673 mercennario
1180 1623 1221 1672 ta·

144 1703 283 1760 bernariae
311 1705 393 1778 digito
416 1712 628 1770 monstraretur,
658 1704 745 1761 fertur
766 1704 880 1760 laetatus
907 1721 965 1760 esse
988 1703 1061 1776 quod
1084 1701 1117 1757 ab
1139 1702 1221 1775 igno-

145 1787 242 1844 bilibus
272 1789 397 1845 sciretur.
507 1791 545 1847 29
577 1790 693 1854 cirratis,
725 1789 852 1863 capillatis
886 1788 987 1863 pueris.
1040 1787 1128 1844 cirrati
1157 1795 1222 1844 sunt

144 1871 295 1929 scholastici
317 1873 358 1929 rel
381 1873 504 1938 catamiti,
528 1874 589 1930 cirri
612 1874 681 1930 enim
703 1874 830 1930 dicuntur
852 1872 947 1948 capilli,
971 1880 998 1929 et
1019 1872 1057 1928 illi
1072 1871 1220 1928 crinesba·

145 1955 245 2013 bebant
265 1957 291 2012 in
314 1957 445 2014 honorem
468 1959 577 2014 Veneris
600 1975 669 2032 quos
691 1967 793 2015 statuto
816 1967 938 2032 tempore
959 1957 1171 2031 praemetebant.¹

230 2043 269 2100 32
298 2042 349 2100 hio.
378 2043 446 2101 iacta
475 2044 502 2099 in
532 2044 659 2100 conviviis
686 2052 837 2118 poematum
870 2043 1006 2098 mentione
1034 2043 1097 2098 dicit
1122 2040 1219 2114 aliquis

143 2125 265 2201 locuples
287 2131 430 2185 amatorios
451 2146 545 2186 versus
567 2130 659 2202 putida
681 2145 756 2194 voce,
779 2137 810 2185 ut
828 2129 952 2184 rideatur
969 2128 1218 2201 emittipernares.

231 2215 269 2270 34
297 2214 400 2288 Phyllis
427 2215 518 2288 regina
548 2215 679 2270 Thracum
705 2213 766 2270 fnit.
798 2214 864 2270 hacc
892 2213 1103 2287 bernophontem
1126 2211 1221 2269 Thesei

140 2295 237 2360 lilium,
259 2313 350 2370 regem
366 2299 569 2355 Atheniensium
582 2301 740 2355 redeuntem
763 2300 796 2354 de
817 2299 932 2355 ‘lroiano
954 2297 1059 2372 proelio
1082 2297 1172 2354 dilexit
1192 2306 1220 2354 et

143 2379 172 2435 iu
196 2381 348 2453 coniugium
379 2399 457 2437 suum
486 2384 599 2454 rogavit.
632 2381 676 2437 ille
704 2391 793 2439 antem
821 2384 858 2439 ait
885 2391 947 2439 aute
975 2399 1004 2439 se
1033 2383 1219 2440 ordinaturum

139 2481 200 2521 rem
223 2482 298 2522 suam
320 2466 406 2523 etsie
428 2467 460 2522 ad
482 2467 539 2523 eius
562 2467 667 2540 nuptias
686 2483 869 2523 reversurum.
893 2466 1030 2540 profectus
1052 2467 1143 2540 itaque
1157 2485 1219 2524 cum

144 2550 270 2616 tardaret,
294 2551 394 2626 Phyllis
417 2551 514 2607 amoris
537 2551 708 2626 impatientia,
732 2550 806 2625 quod
827 2569 857 2607 se
879 2561 996 2624 spretam
1018 2551 1152 2614 credebat,
1175 2551 1218 2606 la-

144 2653 215 2708 queo
244 2637 322 2693 eitam
350 2636 436 2693 linivit
463 2645 490 2694 et
522 2653 650 2693 conversa
679 2647 720 2693 est
746 2637 774 2692 iu
803 2636 928 2692 arborem
960 2635 1128 2711 amygdalum
1161 2635 1218 2693 sine

140 2719 224 2776 foliis.
245 2731 308 2795 post
329 2739 453 2778 reversus
476 2721 632 2796 Demophon
655 2723 762 2796 cognita
789 2739 820 2778 re
848 2721 984 2795 amplexus
1014 2731 1055 2778 est
1081 2729 1215 2786 truncum,

144 2807 192 2880 qui
212 2806 287 2863 velut
309 2808 402 2880 sponsi
423 2808 536 2863 sentiret
556 2809 709 2872 adveutum,
733 2807 796 2863 lolia
818 2807 913 2864 emisit.
936 2807 1009 2863 uude
1031 2807 1109 2863 etiam
1126 2806 1217 2882 phylla

144 2891 213 2947 dicta
236 2901 300 2948 sunt
322 2892 480 2966 anyllide,
504 2907 565 2948 nam
580 2901 656 2949 antea
671 2892 758 2966 petala
778 2892 943 2949 dicebantur.
1003 2892 1148 2966 Hypsipyle
1164 2909 1217 2950 una

143 2992 176 3032 ex
197 2977 382 3034 Lemniadibus
404 2977 471 3042 luit,
500 2977 589 3034 Liberi
614 2978 697 3051 patris
720 2979 808 3052 neptis
831 2978 956 3033 Thoantis
978 2977 1040 3032 lilia.
1073 2987 1217 3050 postquam

144 3076 201 3116 eam
224 3061 299 3118 lactis
322 3060 427 3118 duobus
449 3061 509 3118 liliis
531 3062 601 3136 apud
625 3064 744 3118 Lemnon
766 3064 842 3118 lason
866 3062 995 3125 deseruit,
1021 3063 1067 3136 qui
1089 3079 1121 3118 eo
1144 3071 1216 3118 tem·

141 3159 211 3217 pore
232 3162 292 3202 oum
317 3148 477 3220 Argonautis
500 3158 616 3212 venerat,
642 3165 691 3204 neo
712 3146 746 3203 ad
768 3164 824 3203 eam
848 3147 925 3203 rediit
946 3164 978 3203 ex
1000 3145 1114 3212 Colchis,
1138 3163 1216 3203 com-

144 3239 221 3302 perto
244 3241 335 3302 postea
357 3231 432 3288 illum
453 3231 487 3288 ad
508 3249 582 3288 suam
604 3233 716 3306 patriam
738 3249 868 3289 remeasse
891 3239 968 3288 etse
990 3231 1147 3305 neglectam,
1170 3232 1214 3288 in-

139 3324 248 3388 gratum
278 3315 333 3371 eins
361 3333 478 3374 amorem
507 3317 551 3375 diu
579 3334 669 3374 secum
697 3317 778 3374 llevit.
816 3318 855 3374 hir
884 3317 974 3391 itaque
1001 3317 1110 3390 siquid
1132 3316 1214 3372 simile

140 3398 306 3456 carminibus
329 3401 384 3456 suis
405 3413 501 3474 poetae
523 3401 702 3466 defleverunt,
733 3403 768 3459 ita
797 3403 854 3460 sine
882 3403 954 3458 vocis
983 3401 1125 3475 asperitate
1145 3415 1214 3474 pro-

143 3485 277 3551 nuntiant,
300 3495 332 3542 ut
351 3486 514 3543 audientium
536 3504 613 3544 aures
633 3487 780 3544 emolliant.
868 3488 906 3544 35
929 3485 1093 3560 supplantat,
1114 3485 1215 3543 immu-

228 3703 259 3753 'l'l
279 3699 360 3752 Sicine
378 3704 449 3752 tuum
468 3708 492 3752 α
572 3704 604 3754 28
624 3701 661 3752 hd
682 3709 705 3752 α
724 3700 774 3753 Sed
792 3702 888 3752 bonum
907 3703 947 3752 est
964 3702 1119 3752 Priscianus
1138 3700 1213 3752 GLK.

143 3766 188 3816 111
198 3783 226 3833 p.
243 3770 297 3821 226
315 3773 342 3818 et
357 3769 410 3821 342
479 3771 511 3821 30
530 3769 627 3836 pendes
639 3770 673 3820 P:
693 3769 789 3835 pendas
809 3777 832 3820 α
907 3771 938 3821 31
957 3769 1038 3836 satyri
1055 3769 1170 3821 Psatuli
1189 3775 1212 3818 α

229 3838 329 3903 quiea
400 3843 485 3888 narret
503 3845 527 3888 α
602 3840 634 3890 32
653 3837 746 3888 circum
764 3837 837 3898 Pes.
855 3854 882 3889 u.
902 3840 964 3890 ll'l:
990 3838 1055 3888 circa
1075 3844 1099 3887 α
1167 3851 1213 3902 ya-

143 3902 238 3954 cintina
251 3905 273 3954 P
338 3907 373 3956 34
389 3919 483 3956 uanum
496 3908 519 3957 Ρ
533 3907 559 3968 (η
571 3907 601 3955 ira
612 3909 733 3968 roraret:
752 3913 840 3956 natum
859 3908 938 3955 otiam
951 3906 1106 3955 Priscianus
1119 3919 1147 3968 p.
1160 3902 1211 3955 398

142 3974 170 4021 et
185 3971 320 4038 Eutyches
339 3971 412 4024 dtu.
432 3973 457 4024 V
471 3991 498 4039 p.
516 3974 567 4025 480
584 3975 639 4038 (bic
656 3981 743 4024 uatum
761 3975 815 4038 aut)
866 3973 994 4038 prorabile
1011 3979 1036 4023 ot
1092 3971 1174 4038 siquis
1191 3971 1216 4021 P
