2804 4442
172 126 212 186 74
619 126 793 180 lvvttrtatts

170 303 243 362 haec
266 299 352 370 emis,
374 297 489 358 hirsuto
511 299 627 377 spirant
649 299 838 379 opobalsama
862 302 938 362 collo

171 404 247 466 quae
269 382 343 445 tibi?
367 402 405 444 ne
428 382 537 460 pudeat
559 385 713 446 dominnm
736 394 902 448 monstrare
925 387 1077 450 tabernae.

171 470 250 551 quod
274 470 298 531 si
320 477 464 530 vexantur
485 469 565 547 leges
587 488 622 532 ac
644 471 717 544 iura,
741 471 825 532 citari

172 563 242 618 ante
265 573 370 615 omnes
393 553 480 615 debet
502 552 663 616 Scantinia.
708 557 824 636 respice
846 557 976 637 primum

172 648 201 702 et
223 649 356 702 scrutare
379 639 467 700 viros.
510 639 624 701 iaciunt
644 641 674 701 hi
697 641 792 720 plura,
815 643 867 704 sed
889 641 955 702 illos

171 725 304 786 defendit
326 741 470 785 numerus
492 724 670 804 iunctaeque
693 726 823 788 umbone
845 726 1017 806 phalanges.

172 828 277 890 magna
300 810 379 871 inter
401 809 505 870 molles
526 812 695 873 concordia.
741 831 802 872 non
826 812 883 874 erit
905 811 997 872 ullum

173 896 340 974 exemplum
362 896 392 955 in
418 902 520 956 nostro
543 903 603 956 tam
626 895 797 958 detestabile
820 915 901 958 sexu.

172 980 264 1041 blevia
288 999 349 1040 non
372 979 474 1040 lambit
496 979 625 1042 Cluviam
648 1000 705 1043 nec
728 982 814 1043 Flora
838 982 993 1044 Catullum:

172 1066 264 1145 llispo
287 1065 367 1126 subit
389 1066 511 1126 iuvenes
533 1075 563 1127 ct
584 1067 689 1128 morbo
712 1068 802 1146 pallet
824 1076 960 1146 utroque.

174 1150 317 1230 numquid
342 1169 397 1212 nos
419 1151 533 1228 agimus
555 1171 666 1225 causas,
691 1152 783 1213 civilia
807 1153 870 1214 iura

171 1237 308 1296 novimus
331 1246 381 1296 aut
404 1236 463 1296 ullo
486 1237 613 1316 strepitu
634 1239 698 1298 lora
720 1249 816 1299 vestra
839 1235 1012 1298 movemus?

171 1322 323 1382 luctantur
346 1338 466 1400 paucae,
491 1323 652 1384 comedunt
673 1323 809 1403 colyphia
832 1341 953 1402 paucae.

171 1426 222 1468 vos
243 1405 340 1466 lanam
363 1406 478 1468 trahitis
500 1407 681 1486 calathisque
703 1417 822 1487 peracta
843 1407 960 1468 refertis

170 1492 287 1565 vellera,
309 1509 360 1551 vos
382 1492 466 1552 tenui
487 1504 703 1572 praegnantem
726 1494 852 1554 stamine
875 1494 973 1554 lusum

172 1577 321 1654 Penelope
345 1577 458 1652 melius,
480 1577 572 1638 levius
593 1579 739 1656 torquetis
760 1579 906 1652 Arachne,

90 1657 95 1668 '
173 1662 292 1722 horrida
315 1661 400 1739 quale
423 1661 492 1722 lacit
513 1662 647 1723 residens
669 1663 699 1723 in
724 1663 826 1724 codice
849 1662 961 1742 paelex.

173 1756 278 1807 notum
301 1756 346 1807 est
367 1764 423 1806 cur
443 1747 508 1807 solo
530 1746 645 1808 tabulas
667 1747 825 1827 inpleverit
847 1749 945 1810 Hister

172 1832 288 1905 liberto,
312 1831 425 1892 dederit
446 1831 527 1894 virus
549 1851 603 1893 cur
625 1834 716 1895 multa
738 1834 864 1913 puellae.

172 1917 252 1978 dives
275 1917 331 1977 erit
353 1935 461 1996 magno
485 1935 561 1996 quae
584 1918 693 1979 dormit
713 1919 799 1980 tertia
822 1919 910 1979 lecto.

172 2012 205 2063 tu
229 2002 309 2063 nube
331 2011 419 2080 atque
441 2011 521 2064 tace:
544 2003 657 2064 donant
679 2023 786 2065 arcana
809 2004 969 2084 cylindros.

171 2088 208 2148 de
231 2087 319 2149 nobis
341 2087 503 2166 posthaec
526 2088 618 2150 tristis
640 2089 788 2150 sententia
811 2086 927 2150 lemurl

170 2174 220 2233 dat
240 2173 354 2232 veniam
379 2173 483 2244 corvis,
505 2182 590 2233 vexat
610 2191 736 2236 censura
758 2163 928 2235 columbas.³

170 2294 238 2358 simi,
261 2295 337 2368 prior
352 2310 457 2359 censor,
480 2296 616 2368 posterior
631 2313 716 2370 nepos
731 2297 823 2369 ipsius,
847 2295 893 2370 qni
917 2295 950 2351 de
971 2295 1066 2350 mortis
1079 2293 1141 2351 loco
1156 2291 1244 2350 dictus

170 2388 211 2438 est
225 2379 355 2436 Vticensis
378 2379 452 2437 Cato.
540 2383 580 2438 44
603 2381 644 2437 lex
668 2383 700 2438 de
722 2380 864 2438 infamibus
887 2379 1039 2454 puniendis.
1127 2379 1167 2436 46
1183 2378 1245 2453 quia

169 2465 346 2530 multisunt,
381 2466 440 2522 ideo
467 2482 522 2521 non
550 2475 720 2525 accusantur.
748 2474 780 2523 ut
801 2468 924 2524 Lucanus
946 2464 986 2540 [5,
1011 2463 1083 2538 260]
1103 2453 1245 2538 ‘quicquid

169 2551 260 2608 multis
282 2558 418 2624 peccatur,
443 2551 557 2608 inultum
581 2539 647 2609 est³.
778 2555 816 2610 50
841 2560 869 2608 et
889 2552 992 2625 patitur
1014 2557 1041 2606 et
1063 2547 1164 2605 lambit.

256 2637 295 2693 53
318 2635 479 2692 athletarum
501 2635 590 2691 cibum
613 2635 685 2692 dicit.
773 2639 812 2694 56
835 2636 959 2693 Arachne
980 2635 1055 2708 virgo
1071 2633 1152 2708 Lydia
1174 2632 1244 2689 lani-

170 2722 229 2790 fica,
252 2736 331 2793 qnam
355 2720 470 2775 llinerva
491 2737 542 2793 pro
564 2720 678 2784 invidia,
703 2722 829 2795 quoniam
851 2738 915 2777 ausa
936 2720 987 2777 tuit
1008 2719 1036 2774 in
1059 2727 1192 2776 certamen
1214 2735 1244 2776 se

170 2820 327 2880 provocare,
352 2805 378 2858 in
401 2821 524 2861 araneam
546 2806 688 2863 convertit.
776 2811 812 2866 57
837 2823 935 2880 magno
959 2806 1020 2862 odio
1036 2805 1152 2862 babetur
1173 2804 1244 2878 apud

169 2907 281 2948 uxorem
303 2906 334 2944 ea
356 2906 425 2963 quae
448 2890 556 2947 domino
578 2891 714 2948 miscetur.
737 2909 801 2966 ergo
824 2892 893 2949 banc
908 2887 1058 2964 ‘insequens
1076 2886 1244 2962 gravioribus

169 2977 265 3050 poenis
286 2975 393 3032 domina
422 2983 514 3032 catena
543 2976 658 3032 vinctam
685 2976 771 3051 infigit
793 2977 878 3034 codici
899 2984 980 3048 atque
1001 2975 1037 3029 ita
1060 2971 1134 3029 iubet
1155 2972 1245 3031 facere

169 3078 262 3136 pensa.
364 3062 403 3120 58
426 3061 516 3118 Hister
531 3062 637 3136 quidam
651 3062 765 3126 infamis,
789 3063 835 3136 qui
858 3077 937 3116 omne
951 3058 1142 3132 patrimonium
1164 3076 1243 3115 sunm

169 3147 243 3201 vivus
266 3145 374 3202 donavit
394 3148 481 3202 uxori.
511 3147 546 3203 ob
573 3147 643 3203 hanc
670 3147 771 3205 scilicet
793 3162 908 3209 causam,
931 3153 962 3201 ut
983 3143 1062 3200 simul
1085 3143 1201 3201 dormiat
1221 3145 1243 3200 is

170 3232 217 3306 qui
238 3239 267 3287 et
288 3229 362 3286 illum
384 3241 571 3306 corrumperet
597 3241 625 3289 et
646 3233 683 3289 illi
705 3233 872 3290 misceretur.
1003 3234 1042 3289 60
1067 3247 1135 3304 quae
1158 3230 1244 3286 videat

169 3317 307 3391 corrumpi
327 3334 419 3373 senem
442 3328 467 3373 et
490 3325 575 3374 taceat
596 3317 741 3391 cupiditate
756 3317 879 3374 habendi.
963 3305 1064 3373 ‘tertia
1088 3324 1135 3372 aut
1150 3314 1243 3370 ordine

171 3411 218 3459 aut
239 3419 337 3460 nomen
359 3403 499 3477 proprium
521 3413 571 3467 est,
594 3411 626 3458 ut
645 3412 723 3476 putat
745 3403 861 3460 Probus.
885 3411 912 3459 et
934 3402 1034 3459 dormis
1057 3410 1085 3458 et
1106 3400 1157 3458 eris
1179 3398 1244 3472 legit

169 3488 302 3544 secundae
322 3483 471 3561 personae'
498 3487 589 3546 Vallo.
720 3491 756 3545 61
782 3504 899 3560 gemmas
921 3487 1136 3561 pretiosissimas.

255 3575 293 3630 63
317 3573 490 3646 proverbium
512 3582 561 3630 est.
649 3571 771 3629 discrevit
793 3590 886 3629 sexum
907 3589 956 3646 per
973 3588 1043 3629 aves.

254 3688 288 3739 43
306 3691 408 3738 acturae
426 3687 492 3752 Ppr.
511 3688 609 3750 (nctnre
627 3687 722 3736 laroma
741 3684 769 3750 S)
788 3689 815 3738 at
832 3686 886 3737 iure
905 3685 1017 3736 Iahnius
1112 3686 1146 3736 44
1164 3681 1244 3749 respi-

172 3769 229 3806 cere
247 3755 315 3820 Ppr.
408 3758 439 3806 45
458 3755 483 3805 4ιί
503 3758 587 3805 totum
605 3756 635 3803 in
653 3754 738 3804 litura
755 3755 793 3808 P.
810 3752 903 3805 malim
921 3753 1019 3804 faciunt
1036 3751 1124 3819 peiore
1211 3752 1243 3802 49

169 3819 254 3872 Meuia
268 3838 302 3886 p:
321 3819 405 3872 Media
424 3823 447 3872 Ρ
462 3819 542 3872 Tedin
561 3828 591 3872 w
605 3820 684 3872 Vedia
698 3821 866 3872 Hemonam
935 3823 967 3872 50
981 3818 1071 3885 llispo]
1084 3819 1107 3871 is
1118 3821 1148 3870 a‘n
1160 3819 1245 3869 litura

170 3887 290 3953 Pllippo
309 3887 403 3936 lemma
423 3888 443 3938 S
460 3887 556 3955 llisppo
576 3888 790 3939 Vindoboneneis
859 3890 892 3940 52
910 3885 1038 3939 Monimus
1056 3888 1124 3953 Ppr.
