2792 4444
683 175 761 227 VITA

340 346 480 424 magister
501 346 572 407 artis
593 346 756 425 ingenique
780 347 901 425 largitor

340 440 454 504 venter,
477 441 600 508 negatas
622 431 725 492 artifex
749 433 833 511 sequi
855 451 950 494 voees.

343 516 422 594 qued
444 515 468 577 si
492 516 585 577 dolosi
608 535 676 596 spes
698 517 849 579 refulserit
871 519 994 590 nummi,

341 619 444 662 corvos
466 610 568 681 poetas
591 611 619 661 et
643 603 791 681 poetridas
814 603 895 682 picas

341 696 460 747 eantare
483 686 586 747 eredas
608 687 780 766 Pegaseium
804 697 916 749 nectar.

275 861 312 916 10
335 858 485 933 apologiam
507 867 588 933 poeta
609 857 672 915 lacit
694 869 721 916 et
741 869 850 916 excusat
871 877 900 918 se
919 859 1117 934 quedammodo
1134 858 1263 914 nunides

187 942 339 1016 scripsisse,
363 953 394 1001 ut
415 951 496 1017 poeta
517 953 667 1017 appareret,
694 946 740 1001 sed
763 945 853 1019 potins
875 946 992 1020 impulsu
1016 945 1131 1019 quedam
1152 944 1261 1009 ventris,

187 1027 248 1100 quia
279 1027 384 1085 videbat
417 1038 482 1085 tunc
510 1028 610 1086 multos
636 1031 755 1103 poetriae
782 1031 946 1088 incumbere.
991 1040 1018 1087 et
1045 1047 1093 1104 per
1123 1030 1263 1086 transitum

187 1112 304 1170 ostendit
329 1131 359 1169 se
388 1113 504 1188 primum
531 1114 651 1188 coepisse
680 1132 759 1172 eausa
782 1117 876 1181 vietus,
907 1126 937 1173 ut
958 1115 1082 1172 salarium
1104 1124 1262 1172 mereretur.

186 1213 247 1253 nam
269 1197 392 1256 salarium
415 1209 456 1256 est
477 1200 563 1256 vietus
585 1199 665 1255 unlus
688 1201 748 1258 diei.
840 1203 875 1258 12
904 1201 1050 1259 refulserit.
1073 1208 1100 1256 et
1120 1199 1262 1272 refulgeat.

275 1287 312 1342 14
335 1285 493 1358 Pegaseium
514 1284 608 1341 melos.
631 1285 658 1340 in
680 1285 738 1342 aliis
760 1295 862 1343 nectar.

274 1450 305 1500 10
323 1435 471 1516 ingeniique
490 1451 543 1500 αΡ
622 1452 650 1501 11
672 1448 777 1500 artislex
796 1456 819 1500 α
907 1451 939 1501 12
956 1447 1086 1500 refulserit
1104 1449 1187 1498 Psed
1204 1454 1264 1513 geat

186 1529 269 1580 supra
295 1519 426 1582 seriptum
453 1532 535 1567 manu
557 1517 728 1569 scholiastae:
751 1516 878 1583 refulgeat
897 1523 920 1566 α
1025 1519 1057 1570 14
1081 1530 1220 1582 pegaseum
1240 1523 1263 1566 α

185 1595 343 1649 ppegaeenm
361 1585 385 1634 Ρ
452 1591 540 1637 nectar
558 1593 594 1637 a:
612 1586 694 1638 melos
711 1587 735 1636 P
