2792 4444
127 417 217 460 omne
239 400 321 463 valer
341 400 443 460 vitium
465 400 576 462 ridenti
598 400 720 463 Flaccus
741 401 835 462 amico

127 484 224 562 tangit
246 493 276 545 et
297 485 439 546 admissus
461 480 574 547 cii'cum
596 487 768 567 praecordia
791 485 872 558 ludit,

127 568 249 631 callidus
272 589 395 632 excusso
417 571 561 650 populum
583 573 764 650 suspendere
788 589 874 632 naso:

126 673 175 716 me
197 655 316 717 muttire
338 653 443 716 nefas?
467 675 522 717 noc
544 657 618 717 clam
627 650 721 718 ‘l‘nec
743 675 811 718 cum
834 653 963 716 scrobe?
985 656 1152 738 nusquam?

127 740 175 800 hic
198 749 297 800 tamen
319 740 471 801 infodiam.
516 741 584 814 vidi,
606 742 663 803 ridi
687 743 761 821 ipse,
782 741 897 804 libelle:

128 825 275 886 auriculas
296 825 371 886 asini
394 826 460 905 quis
482 845 544 887 nou
567 825 677 888 babet?
703 829 759 888 boc
783 845 838 905 ego
862 835 1006 905 opertum,

60 939 63 944 ·
127 910 184 970 hoc
206 909 304 971 ridere
325 928 435 984 meum,
455 920 515 971 tam
539 911 590 985 nil,
613 912 693 973 nulla
715 911 769 972 tibi
791 913 886 972 vendo

125 995 223 1056 Iliade.
268 995 371 1057 audaci
394 983 575 1074 quicur'nque
597 998 701 1058 adllate
724 996 843 1058 Cratino

125 1080 233 1141 iratum
255 1079 430 1159 Eupolidem
453 1082 630 1160 praegrandi
652 1100 721 1143 cum
742 1101 814 1144 sene
836 1081 936 1161 palles

126 1166 225 1245 aspice
247 1173 277 1225 et
297 1166 380 1238 haec,
403 1166 428 1226 si
450 1166 526 1226 lorte
548 1167 657 1245 aliquid
679 1167 829 1229 decoctius
851 1167 942 1228 audis.

128 1250 197 1311 inde
219 1259 358 1329 vaporata
379 1250 473 1311 lector
494 1251 565 1312 mihi
588 1253 699 1312 terreat
720 1270 800 1324 aure,

126 1354 189 1396 non
212 1335 260 1396 hic
283 1336 334 1414 qui
356 1335 387 1395 in
411 1336 545 1414 crepidas
567 1336 721 1397 Graiorum
741 1324 845 1398 ludere
867 1336 955 1415 gestit

125 1420 263 1482 sordidus
285 1429 314 1481 et
335 1420 425 1482 lusco
441 1421 499 1499 qui.
515 1422 610 1500 possit
630 1421 728 1483 dicere
746 1415 849 1484 ‘lusce’

125 1617 212 1675 tribus
228 1634 321 1675 omnes
336 1619 427 1676 XXXV
441 1619 574 1684 lacerarit,
599 1636 631 1676 ex
652 1619 749 1693 quibus
771 1619 836 1676 urbs
856 1626 914 1676 tota
935 1625 1050 1675 constat.
1141 1621 1198 1676 116

124 1703 250 1760 Horatius
273 1720 328 1760 non
350 1714 380 1761 ut
402 1705 518 1761 Lucilius
540 1704 678 1760 hominum
700 1706 762 1762 vitia
784 1703 934 1778 castigavit,
964 1705 1009 1760 sed
1041 1710 1072 1759 ut
1100 1703 1199 1760 rideret

126 1788 205 1845 etima
227 1789 250 1844 is
274 1789 321 1862 qui
343 1789 542 1846 emendabatur.
654 1791 713 1848 118
736 1806 848 1847 excusso
871 1805 946 1853 naso,
970 1796 1105 1854 emuncto,
1130 1789 1201 1846 unde

124 1871 283 1946 intelligitur
303 1875 445 1947 prudenti,
470 1883 499 1930 ut
521 1890 536 1930 e
558 1875 693 1930 contrario
717 1876 762 1948 qui
784 1873 860 1931 stulti
882 1883 954 1939 sunt,
977 1873 1081 1931 mucosi
1103 1873 1199 1930 dicuu-

123 1966 179 2014 tur.
291 1961 349 2016 119
372 1958 577 2032 proverbialiter
599 1958 704 2015 dicitur.
749 1960 859 2016 dicimus
879 1949 1010 2015 ‘muttum
1033 1953 1152 2014 nullum’
1173 1959 1200 2014 id

123 2051 166 2100 est
187 2041 292 2099 nullum
315 2042 432 2100 emiseris
455 2043 577 2100 verbum.
666 2043 731 2100 blida
753 2061 800 2100 rex
814 2043 913 2118 Lydiae
935 2043 986 2099 luit
1007 2043 1132 2118 cognitor
1153 2044 1199 2099 ad·

122 2125 222 2184 hibitus
245 2144 260 2184 a
282 2128 383 2204 Marsya
407 2139 433 2186 et
453 2128 580 2204 Apolline
601 2128 799 2186 decertantibus
820 2129 890 2185 inter
912 2146 949 2194 se,
972 2145 1089 2202 quornm
1111 2127 1199 2184 audita

122 2212 252 2269 cantilena
282 2214 438 2288 praeposuit
467 2215 608 2289 Marsyam.
641 2215 725 2270 iratus
753 2214 852 2289 Apollo
883 2215 1017 2271 damnarit
1043 2213 1099 2270 eins
1128 2212 1200 2269 stul-

120 2297 206 2353 titiam
235 2297 344 2354 auribus
373 2299 494 2362 asininis,
525 2316 591 2372 quas
620 2317 680 2356 cum
709 2299 741 2355 ab
771 2300 889 2355 omnium
923 2308 1069 2372 conspectu
1099 2314 1199 2354 corona

119 2382 244 2455 imposita
266 2381 432 2455 prohiberet,
457 2383 518 2437 dum
542 2384 701 2439 tonderetur
722 2401 737 2439 a
759 2400 808 2438 suo
831 2383 938 2447 liberto,
961 2392 1084 2440 metuens
1107 2382 1199 2439 divul-

119 2467 178 2542 gari
208 2467 232 2523 ei
260 2482 374 2540 poenam
402 2467 537 2540 imposuit.
582 2468 627 2540 qui
657 2483 718 2523 cum
746 2466 882 2523 silentium
910 2468 979 2522 intra
1007 2485 1036 2524 se
1058 2469 1197 2524 continere

121 2569 177 2608 uon
198 2562 307 2626 posset,
337 2551 461 2608 scrobem
489 2550 553 2608 l'ecit
581 2560 607 2608 et
635 2552 708 2625 quod
731 2551 830 2608 viderat
852 2552 924 2607 intus
947 2552 1073 2607 narravit.
1095 2552 1122 2606 in
1146 2569 1198 2625 qua

120 2645 182 2692 nata
205 2646 246 2693 est
267 2653 350 2692 canna
373 2654 406 2694 ex
427 2653 479 2711 qua
501 2635 616 2692 fistulam
640 2636 763 2694 lecerunt
791 2646 929 2712 pastores,
958 2645 1067 2692 etcum
1091 2645 1199 2693 cantare

120 2721 227 2784 vellent.
252 2721 341 2778 listula
362 2722 443 2779 rerba
467 2721 586 2778 tonsoris
608 2721 743 2778 narrabat.
863 2721 921 2780 120
946 2722 1044 2778 dicitur
1065 2721 1198 2778 Neronem

121 2813 150 2864 et
173 2806 311 2863 Claudium
341 2807 459 2881 tetigisse
487 2807 538 2863 sub
566 2807 691 2880 allegoria
719 2807 811 2864 Midae.
945 2809 1000 2865 121
1026 2807 1133 2863 Persius
1161 2807 1200 2864 sic

121 2891 245 2966 scripsit:
269 2891 402 2948 auriculas
425 2892 491 2948 asini
512 2892 581 2949 blida
602 2910 650 2949 rex
671 2892 761 2958 habet,
795 2892 842 2949 sed
858 2891 992 2948 Cornutus
1014 2892 1068 2948 hoc
1088 2894 1200 2948 mutarit

119 2977 156 3032 ita
178 2993 298 3050 ponens:
323 2977 455 3034 auriculas
477 2977 543 3033 asini
565 2977 625 3050 quis
647 2993 703 3033 nou
725 2975 826 3034 babet?
848 2977 948 3034 veritus
971 2994 1005 3032 ne
1027 2978 1097 3034 Nero
1120 2978 1146 3032 iu
1168 2995 1198 3034 se

119 3060 219 3118 dictum
242 3069 358 3137 putaret.
444 3061 497 3119 boc
519 3079 624 3119 carmen
646 3079 750 3126 meum,
781 3062 854 3136 qnod
876 3062 962 3119 latens
984 3070 1026 3118 est
1047 3069 1074 3118 et
1096 3060 1198 3119 obscu-

118 3161 191 3208 rum,
214 3146 313 3202 nullius
335 3146 464 3204 momenti
485 3154 513 3203 et
534 3147 708 3203 ridiculosum
730 3154 758 3203 et
779 3147 916 3221 ineptum,
946 3162 1000 3220 quo
1023 3147 1114 3212 rideo,
1142 3164 1196 3220 quo

118 3229 248 3296 delector,
271 3247 327 3286 non
349 3231 397 3288 tibi
421 3232 499 3296 dabo,
523 3231 545 3287 si
567 3231 630 3287 milri
651 3231 730 3288 iliada
745 3231 876 3288 Labeonis
891 3241 937 3288 aut
950 3232 1065 3288 Neronis
1080 3232 1195 3288 Troicon

117 3315 219 3373 tradas.
242 3315 349 3389 scripsit
371 3317 440 3373 enim
463 3317 533 3373 Nero
556 3317 682 3372 Troicon.
787 3318 844 3375 123
869 3317 1014 3391 unicuique
1036 3334 1114 3373 sunm
1136 3318 1196 3388 epi·

117 3401 213 3459 theton
237 3399 320 3457 dedit.
365 3401 492 3458 audacem
516 3401 652 3458 Cratinum
675 3402 746 3466 dicit,
770 3403 868 3458 iratum
889 3401 1062 3476 Eupolidem,
1087 3403 1196 3456 Aristo-

117 3486 234 3562 phanem
255 3486 464 3560 praegrandem,
492 3487 553 3560 quia
581 3487 671 3543 nullus
700 3504 760 3544 eum
789 3495 869 3562 poeta
894 3486 1096 3559 satirographus
1118 3493 1197 3542 ante-

118 3571 198 3628 cedit.
243 3579 270 3628 et
291 3571 344 3628 hoc
367 3572 445 3628 dicit:
470 3571 515 3645 qui
531 3570 637 3628 alllatus
653 3589 680 3628 es
697 3572 804 3629 Cratino
821 3581 848 3629 et
861 3571 946 3645 palles
959 3571 1074 3644 legendo
1090 3571 1197 3627 Aristo·

117 3655 235 3731 phanem
253 3665 281 3714 et
300 3656 468 3731 Eupolidem,
493 3667 520 3714 et
541 3674 600 3714 mea
621 3657 736 3714 carmina
757 3657 825 3731 lege.
915 3658 973 3716 128
989 3655 1120 3713 naturalia
1135 3655 1197 3711 vitia

207 3847 254 3898 tta
274 3845 389 3897 Collidus
407 3853 432 3896 α
507 3848 556 3898 119
574 3845 632 3897 Meu
647 3849 693 3910 ρς
762 3845 844 3897 scribe
863 3851 887 3896 ot
966 3847 1012 3898 121
1032 3845 1153 3898 Auricula
1171 3850 1195 3894 α

205 3915 253 3967 123
271 3914 376 3966 alssante
395 3912 497 3966 cradina
516 3920 540 3964 α
612 3917 660 3968 124
678 3914 815 3980 eupolideu
833 3916 857 3964 P
926 3915 973 3966 127
993 3917 1120 3966 craterum
1139 3913 1194 3962 lau-

114 3983 177 4036 dere
196 3988 220 4032 α
291 3984 339 4035 128
359 3996 387 4033 es
406 3988 430 4032 α
498 3981 584 4048 possis
603 3989 626 4033 α
