2792 4444
177 177 220 230 llll
629 179 812 233 PRAEFATIO

176 351 297 414 ludendi
321 371 407 414 cansa
430 362 577 432 tamquam
602 373 637 416 ex
659 355 781 435 antiquo
805 353 905 416 codice
927 353 1090 436 descriptos
1112 357 1252 438 protulis-

176 456 407 532 salmonciacus
436 455 472 516 lV
496 459 543 534 4),
574 457 603 517 hi
633 457 736 518 mutati
765 467 853 536 atque
882 457 946 520 aliis
974 459 1071 532 aucti,
1102 467 1250 540 tamquam

177 557 295 618 maioris
318 557 417 637 operis
439 561 647 636 fragmentum,
677 561 756 621 inter
777 560 840 622 eins
862 561 992 622 carmina
1015 559 1083 622 editi
1106 570 1177 623 sunt
1199 561 1250 639 (tlt

177 677 205 738 p.
231 661 291 724 194
315 661 360 720 ed.
383 677 407 720 a.
433 661 536 738 1650).

262 761 365 823 dabam
388 762 511 824 Bonnae
534 781 636 824 mense
661 763 746 825 lunio
769 781 795 824 a.
821 765 913 828 1868.
1006 747 1020 780 ’

332 1253 528 1317 FlthClSCl
550 1253 793 1318 BVECHELElll
815 1255 1088 1318 anotrlttnurl

264 1476 433 1538 lahnianam
451 1474 621 1551 editionem,
644 1477 785 1557 quoniam
806 1478 884 1540 nulla
909 1480 1052 1559 emptoris
1075 1480 1250 1560 exemplaria

177 1589 363 1659 supererant,
379 1579 556 1659 bibliopolae
568 1579 685 1641 hortatu
698 1580 741 1642 sic
753 1582 917 1656 retractavi,
934 1593 967 1642 ut
981 1591 1131 1645 auctorem
1144 1583 1250 1664 ipsum,

177 1683 201 1742 si
217 1682 334 1756 viveret,
357 1681 413 1742 iam
429 1689 656 1742 retractatorum
672 1683 736 1743 lore
753 1683 902 1763 putabam.
931 1702 1000 1746 cnm
1017 1685 1096 1746 enim
1112 1695 1252 1747 maneant

177 1783 272 1862 posita
288 1781 324 1844 ab
347 1783 396 1844 illo
413 1783 605 1844 fundamenta
627 1783 697 1846 artis
713 1802 770 1846 nec
785 1785 896 1847 moveri
913 1786 1037 1867 possint,
1054 1796 1152 1848 tamen
1169 1786 1250 1848 retici

177 1903 253 1965 opus
276 1885 374 1948 multis
396 1885 527 1966 partibus
549 1885 647 1948 decuit
662 1887 828 1948 minutatim
850 1886 984 1949 addendo
1000 1888 1146 1950 demendo
1169 1906 1251 1950 com·

177 1989 328 2049 mutando.
367 2006 423 2067 qua
446 1987 476 2049 in
493 2006 525 2050 re
541 1989 633 2068 siquis
655 1999 706 2050 aut
728 1990 795 2070 plus
811 1990 896 2050 etiam
919 2007 1008 2068 quam
1031 1991 1101 2051 mihi
1116 2009 1251 2070 sumpse-

179 2091 233 2151 rim
256 2091 329 2154 iuris
350 2091 440 2153 luisse
456 2091 619 2153 correctori
635 2091 713 2152 dicat
727 2101 777 2152 aut
792 2091 900 2164 minus,
923 2109 984 2152 nou
1002 2091 1089 2152 nimis
1104 2109 1249 2170 repugno.
1369 2121 1370 2187 p

178 2211 279 2254 verum
302 2193 372 2254 satis
393 2193 487 2254 habeo
509 2194 533 2255 si
550 2192 643 2254 labnii
666 2193 768 2254 merita
786 2201 938 2254 ostentans
961 2192 1033 2253 nihil
1055 2192 1192 2272 derogavi
1215 2193 1252 2253 de

178 2295 284 2356 virtuto
306 2303 394 2374 atquc
418 2295 543 2357 utilitate
565 2295 702 2357 editionis
724 2294 842 2375 prioris.

265 2397 357 2459 Persii
379 2397 510 2460 codicem
525 2398 558 2474 Β,
582 2416 670 2477 quem
685 2397 784 2460 denuo
807 2397 914 2478 inspici
932 2397 1050 2458 labnins
1064 2395 1252 2470 desiderarat,

179 2500 209 2561 in
233 2499 376 2562 tabulario
399 2501 536 2563 basilicae
552 2499 707 2563 Vaticanae
723 2502 871 2580 signatum
895 2503 935 2564 36
951 2499 976 2560 Η
993 2498 1251 2562 membranaceum

179 2603 287 2666 saeculi
309 2605 434 2665 sortasse
457 2603 529 2663 noni
545 2601 693 2664 lohannes
716 2602 865 2664 Henricus
879 2601 1018 2662 Wheeler
1039 2601 1252 2664 blassacbusct-

179 2705 282 2778 tensis,
304 2704 408 2766 doctor
430 2703 608 2778 bonnensis,
630 2705 811 2768 ann01879
834 2703 903 2765 dum
927 2703 958 2763 in
982 2703 1063 2764 ltalia
1079 2705 1251 2785 peregriua·

180 2817 238 2880 tur,
260 2805 403 2868 benevolo
435 2823 503 2884 erga
532 2823 588 2866 nos
617 2806 716 2867 animo
744 2805 902 2885 diligenter
930 2806 1065 2867 contulit.
1110 2807 1195 2869 cuius
1217 2824 1253 2866 ex
1367 2867 1368 2885 ,

179 2907 280 2970 labore
304 2926 371 2970 cum
387 2907 475 2970 alium
492 2908 620 2969 lrnctum
636 2908 712 2987 cepi,
734 2917 797 2968 turn
812 2908 848 2969 de
864 2907 967 2971 Sabini
982 2909 1157 2971 recensione
1173 2909 1253 2970 eius-

179 3029 237 3090 que
260 3010 439 3091 apographis
461 3027 537 3090 quae
560 3027 649 3089 supra
671 3010 780 3090 scripta
795 3019 866 3072 sunt
888 3011 999 3090 liquido
1015 3010 1185 3072 confirmari
1208 3009 1252 3071 di·

180 3111 247 3173 dici.
271 3112 403 3174 codicem
421 3111 512 3174 Persii
529 3129 563 3172 ac
579 3111 723 3173 luvenalis
740 3111 912 3192 Pimpensa
928 3131 997 3174 cura
1013 3113 1112 3174 denuo
1128 3110 1253 3173 contulit
1366 3191 1367 3206 ἢ

180 3214 324 3276 liudolius
340 3215 414 3276 Beer
430 3213 669 3276 vindobonensis
681 3232 774 3294 caque
785 3215 914 3276 conlatio
930 3223 1041 3295 quanto
1053 3215 1253 3276 emolumento
1366 3213 1367 3235 ¹

181 3327 257 3380 esset
272 3317 400 3379 ostendit
415 3317 445 3378 in
461 3317 612 3397 spicilegio
624 3315 812 3378 luvenaliano
828 3317 955 3397 (Lipsiae
970 3319 1074 3396 1885).
1097 3317 1254 3379 Persianae

181 3420 317 3482 lectionis
339 3419 565 3500 discrepantiam
593 3419 633 3480 ibi
656 3420 745 3482 edidit
767 3421 900 3500 p.18s.,
923 3421 959 3482 ad
989 3420 1156 3482 iuvenalem
1180 3437 1254 3500 quac

181 3523 345 3603 pertineret
367 3523 530 3583 conlectam
554 3540 589 3584 ex
606 3523 721 3584 schedis
744 3522 804 3584 suis
820 3531 848 3584 et
864 3523 1110 3586 accommodatam
1136 3533 1253 3584 nostrae
1365 3551 1366 3583 t

181 3625 299 3698 rationi,
324 3623 374 3703 qui
397 3623 624 3704 orthographica
646 3632 676 3685 et
689 3624 818 3703 volgaria
840 3625 948 3686 menda
963 3623 1124 3686 subnotare
1146 3633 1254 3686 cuncta

182 3726 341 3802 noluimus,
365 3727 497 3789 officiose
512 3746 546 3789 ac
560 3725 721 3789 liberaliter
735 3727 806 3788 mibi
830 3726 946 3789 obtulit
982 3727 1019 3789 de
1036 3727 1164 3806 Pigitur
1178 3743 1254 3806 quae

180 3829 275 3890 lahnii
307 3829 483 3891 testimoniis
513 3829 625 3890 adiecta
655 3838 725 3890 sunt
754 3838 804 3890 aut
832 3828 973 3902 detracta,
1003 3829 1107 3890 Reerio
1138 3837 1256 3909 accepta
1364 3867 1365 3884 t

181 3933 288 3993 relero.
