2804 4442
529 215 622 269 LIBER
640 217 650 268 l
685 216 816 270 SATVRA
834 218 855 270 ll

153 397 241 468 atque
264 407 323 450 una
346 389 473 450 transire
494 390 600 450 vadum
621 396 666 450 tot
686 390 765 450 milia
788 390 894 451 cumba

153 493 210 535 nec
232 474 319 554 pueri
341 475 476 550 credunt,
499 475 556 536 nisi
579 475 630 553 qui
653 475 787 535 nondum
809 494 877 536 aere
899 476 1041 538 lavantur.

153 560 204 621 sed
227 569 259 621 tu
281 577 350 620 vera
373 569 454 640 puta.
499 560 605 622 Curius
628 561 698 638 quid
721 561 813 622 sentit
836 570 865 622 et
887 560 973 620 ambo

152 644 314 725 Scipiadae,
339 645 408 723 quid
433 644 584 706 Fabricius
607 663 767 724 manesque
790 645 912 717 Camilli,

154 730 223 807 quid
247 730 403 792 Cremerae
426 729 503 808 legio
527 737 557 790 et
578 730 688 792 Cannis
710 740 885 810 consumpta
908 732 1054 804 iuventus
1184 741 1226 792 155

153 821 197 875 tot
219 815 364 876 bellorum
388 815 512 888 animae,
535 815 673 894 quotiens
695 815 766 877 hinc
788 816 854 878 talis
877 817 912 876 ad
935 815 1000 876 illos

154 900 257 961 umbra
280 899 383 961 venit?
406 909 552 979 cuperent
573 900 702 975 lustrari,
725 901 750 962 si
773 919 830 979 qua
853 902 995 962 darentur

152 986 274 1066 sulpura
298 1003 366 1047 cum
387 985 480 1046 taedis
503 994 532 1046 et
554 986 578 1047 si
601 987 679 1046 toret
699 986 796 1047 umida
819 987 929 1048 laurus.

153 1070 212 1131 illic
234 1071 294 1131 beu
317 1071 417 1132 miseri
439 1070 631 1132 traducimur.
677 1089 757 1132 arma
781 1073 899 1150 quidem
922 1072 998 1132 ultra

152 1156 240 1216 litora
262 1155 405 1217 Iuvernae
427 1156 630 1236 promovimus
652 1165 681 1216 et
702 1157 791 1217 modo
815 1166 914 1236 captas

154 1240 284 1301 Orcadas
306 1258 340 1300 ac
362 1241 484 1302 minima
507 1249 665 1302 contentos
687 1250 775 1302 nocte
798 1242 965 1316 Britannos,

153 1326 205 1387 sed
228 1344 303 1404 quae
326 1345 408 1387 nunc
429 1327 532 1407 populi
556 1327 632 1386 fiunt
653 1327 773 1387 victoris
796 1328 826 1387 in
850 1326 935 1401 urbe,

153 1429 214 1470 non
238 1411 353 1472 iaciunt
374 1411 415 1472 illi
439 1430 513 1490 quos
535 1411 667 1472 vicimus.
713 1421 861 1473 ettamen
886 1430 964 1473 unus

153 1496 311 1557 Armenius
334 1495 451 1558 Zalaces
474 1497 589 1558 cunctis
612 1504 752 1557 narratur
774 1497 898 1576 ephebis

153 1580 270 1640 mollior
292 1581 408 1642 ardenti
431 1600 496 1644 sese
518 1582 676 1643 indulsisse
702 1582 833 1643 tribuno.

152 1665 250 1743 aspice
273 1667 345 1744 quid
366 1667 477 1727 faciant
498 1668 692 1728 commercia:
714 1678 836 1728 venerat
860 1666 955 1740 obses

152 1750 199 1810 hic
223 1751 300 1811 tiunt
321 1751 466 1811 homines
511 1753 627 1813 namsi
649 1771 732 1812 mora
754 1752 873 1831 longior
895 1750 1000 1813 urbem

152 1833 275 1895 indulsit
297 1835 407 1915 pueris,
431 1853 493 1894 non
517 1853 680 1913 numquam
702 1838 779 1898 derit
800 1848 921 1897 amator.

240 2093 298 2151 152
322 2091 447 2149 inientes.
471 2092 533 2166 quia
554 2094 632 2168 pueri
654 2109 709 2149 non
732 2093 797 2150 dant
817 2091 1006 2149 balneaticum.
1098 2095 1154 2150 155
1180 2093 1226 2165 qui

152 2177 223 2250 apud
247 2177 396 2234 Cremeram
419 2179 488 2235 caesi
510 2187 583 2236 sunt.
606 2179 643 2236 ibi
666 2179 734 2235 enim
757 2179 817 2236 CCC
841 2177 912 2234 rabit
935 2176 1014 2236 occisi
1037 2188 1100 2233 sunt
1126 2176 1188 2234 victi
1210 2195 1225 2234 a

151 2261 320 2326 Veientibus,
345 2278 414 2336 quos
438 2263 562 2320 Camillus
584 2264 727 2337 superavit.
855 2264 882 2319 in
905 2263 1000 2338 Apulia
1021 2263 1095 2319 vicus
1117 2263 1226 2319 nomine

152 2347 271 2411 Cannae,
304 2345 351 2402 ubi
373 2346 505 2403 Hannibal
528 2364 633 2404 omnem
655 2349 801 2405 exercitum
822 2351 1003 2404 Romanorum
1032 2349 1130 2405 occidit
1150 2348 1225 2406 victis

151 2430 235 2488 Paulo
258 2440 286 2488 et
307 2431 426 2487 Varrone
449 2431 613 2488 consulibus.
637 2441 739 2489 tantum
763 2435 833 2489 enim
854 2431 984 2506 populum
1014 2434 1164 2505 superarit,
1194 2441 1225 2488 ut

151 2515 237 2572 tribus
259 2515 354 2572 modiis
376 2516 520 2574 anulorum
541 2516 657 2590 impletis
679 2517 712 2574 ad
736 2517 920 2590 Carthaginem
949 2517 1060 2572 miserit.
1090 2534 1105 2573 e
1127 2515 1225 2590 quibus

151 2601 306 2659 consulibus
323 2601 405 2658 Varro
421 2601 497 2676 fugit,
513 2603 613 2659 Paulus
628 2602 765 2660 occubuit.
878 2605 935 2660 156
957 2602 1080 2657 Lucanus
1096 2599 1135 2676 [6,
1153 2599 1225 2675 786]

148 2677 288 2744 ‘inlustres
310 2685 388 2744 bellis
410 2688 510 2744 animas
519 2682 538 2744 ².
662 2691 718 2747 157
744 2687 818 2762 Virg.
840 2685 921 2762 [Aea.
940 2689 967 2751 6,
985 2684 1057 2760 229]
1078 2676 1161 2743 ‘idem
1184 2693 1225 2742 ter

150 2774 239 2830 socios
261 2790 328 2847 pura
352 2773 515 2831 circumtulit
536 2768 633 2849 unda'.
734 2777 791 2833 160
815 2773 842 2828 id
866 2782 906 2830 est
926 2773 1056 2829 vincendo
1079 2771 1225 2830 511551151-

150 2858 254 2914 taenias
276 2874 387 2932 quoque
409 2859 589 2916 transivimus.
618 2860 665 2916 sed
694 2860 840 2916 deteriores
868 2875 961 2915 sumus
989 2857 1030 2912 his
1052 2856 1150 2931 quibus
1173 2858 1226 2912 im-

150 2961 285 3018 peramus.
420 2943 534 3000 1515555
556 2943 641 3001 insula
663 2944 814 3001 Britanniae
836 2951 877 3000 est
898 2944 948 2999 sita
969 2942 996 2997 in
1020 2942 1124 2999 Oceano
1148 2943 1225 2998 mari.

151 3046 234 3102 aqua
249 3044 305 3084 non
327 3029 410 3102 longe
431 3039 495 3085 sunt
510 3029 578 3084 llllll
593 3029 660 3085 aliae
676 3029 792 3086 Orcades
814 3026 926 3090 insulae,
950 3043 1016 3099 quas
1032 3026 1097 3082 llela
1114 3025 1153 3100 [3.
1173 3025 1223 3100 53]

150 3112 252 3170 scribit.
354 3115 410 3171 161
436 3115 504 3170 circa
526 3113 670 3170 solstitium
692 3115 718 3168 in
740 3111 871 3168 Britannia
894 3127 981 3184 prope
1002 3127 1056 3166 nox
1077 3111 1151 3168 nulla
1174 3120 1223 3175 est,

151 3199 200 3254 bac
222 3196 323 3254 scilicet
345 3213 439 3262 causa,
471 3199 533 3273 quia
554 3199 657 3254 vicinus
679 3213 790 3254 occasus
813 3204 840 3253 et
861 3205 938 3253 ortus
965 3195 1062 3252 ibidem
1090 3197 1163 3254 solis.
1193 3215 1225 3254 er

151 3282 262 3357 obliquo
300 3281 371 3338 enim
408 3290 496 3340 terrae
528 3283 647 3357 margine
678 3281 725 3338 lux
756 3282 903 3347 redundat,
938 3290 965 3338 et
995 3283 1141 3356 proximam
1174 3281 1225 3338 sibi

150 3367 263 3424 insulam
291 3377 319 3424 et
346 3366 470 3423 noctibus
499 3376 528 3424 et
554 3367 648 3424 diebus
674 3367 806 3424 illustrem
838 3367 934 3424 reddit.
1072 3370 1130 3424 164
1154 3383 1224 3422 unus

152 3454 196 3526 qui
228 3454 256 3510 in
290 3452 440 3510 obsidatum
473 3453 550 3509 datus
579 3451 681 3518 iuerat,
712 3470 725 3508 a
755 3453 871 3527 quodam
899 3451 1008 3508 tribuno
1040 3449 1126 3525 plebis
1160 3467 1224 3507 cor-

150 3539 332 3611 rumpebatur.

238 3769 286 3819 159
304 3769 367 3820 llluo
384 3771 411 3832 P,
430 3769 476 3820 lllu
494 3771 524 3819 in
543 3769 629 3820 litura
647 3771 781 3819 5555515515
798 3771 874 3818 uocis
886 3771 918 3818 ut
929 3765 968 3818 llu
981 3787 987 3818 z
1000 3766 1054 3819 lllic
1073 3768 1223 3818 (6.1(155-

147 3835 667 3900 55515551555515555555555515655
752 3839 830 3900 arma]
849 3851 873 3887 m
894 3851 928 3886 55
944 3836 962 3886 b
980 3839 992 3885 1
1010 3837 1034 3885 P
1117 3837 1165 3889 166
1186 3835 1224 3885 iu-

151 3917 212 3955 uern
248 3905 278 3953 ire
296 3903 381 3954 litura
403 3905 486 3956 multo
512 3908 673 3971 spatiosiore
690 3906 714 3954 Ρ
733 3903 862 3968 (litoralia
883 3920 908 3971 p.
926 3920 951 3970 p.
977 3903 1070 3954 lemma
1088 3903 1121 3966 S,
1140 3903 1224 3953 laner-

151 3986 199 4024 nae
215 3915 362 4036 {aidemari
433 3975 478 4024 161
499 3977 661 4040 contemptos
680 3975 823 4038 Peos-ap
898 3974 944 4025 t68
963 3986 1083 4038 umquam
1102 3976 1132 4020 w
