2792 4444
632 205 765 258 strvttA
783 206 816 257 vt

178 367 345 437 ‘exossatus
367 395 437 456 ager
459 376 538 437 iuxta
562 367 622 438 est.³
671 396 734 455 age,
757 377 781 438 si
804 378 875 438 mihi
899 379 979 439 nulla

182 461 239 521 iam
261 461 375 539 reliqua
398 480 433 522 ex
456 462 561 534 amitis,
585 463 727 541 patruelis
750 463 839 535 nulla,
862 463 1017 542 proneptis

182 546 262 607 nulla
286 554 387 606 manet
408 547 515 626 patrui,
539 547 646 608 sterilis
668 556 824 608 matertera
847 547 926 620 vixit,

185 631 280 710 deque
302 631 364 691 avia
387 631 511 692 nibilum
535 641 681 711 superest,
705 632 812 692 accedo
835 593 961 694 Rorillas
1227 642 1256 692 55

179 715 349 818 obvumque
372 717 407 776 ad
431 717 522 790 Virbi‚
545 726 663 797 praesto
687 726 732 778 est
754 717 825 777 mibi
848 717 963 778 Manius
985 717 1081 778 heres.

179 793 354 898 ‘progenies
376 791 508 861 terrae‘l'
536 819 646 880 quaere
669 820 705 863 ex
728 821 776 862 me
798 803 864 881 quis
887 802 958 863 mibi
981 810 1105 880 quartus

182 886 220 946 sit
241 894 342 965 pater·
366 887 437 947 baut
459 895 607 966 prompte
568 887 725 948 tdicam
747 895 865 961 tamen;
888 888 961 948 adde
985 889 1070 948 etiarn
1096 904 1197 958 unum,

182 989 275 1031 unum
298 972 400 1031 etiam:
424 980 521 1031 terrae
544 980 588 1032 est
609 971 667 1032 iam
689 972 775 1046 tilius,
799 973 921 1033 etmihi
946 973 1004 1033 ritu

181 1055 298 1116 Manius
319 1055 367 1116 hic
389 1057 509 1134 generis
530 1075 625 1136 prope
648 1058 743 1118 maior
763 1058 927 1119 avunculus
950 1066 1053 1118 exstat.
1229 1067 1258 1116 eo

182 1141 232 1218 qui
256 1141 401 1219 priores
425 1160 478 1203 cur
499 1159 548 1201 me
569 1142 601 1202 in
624 1143 751 1204 decursu
775 1143 906 1222 lampada
929 1140 1056 1221 poscas?

270 1313 308 1369 52
321 1328 377 1368 non
390 1322 416 1370 te
427 1314 513 1371 audeo
525 1314 678 1388 prohibere,
695 1315 824 1388 quicquid
838 1315 903 1372 velis
918 1317 951 1372 de
962 1315 1109 1372 hereditate
1121 1322 1167 1370 tua
1179 1322 1209 1370 ut
1220 1314 1258 1370 la-

181 1397 244 1461 oias,
258 1398 320 1471 quia
330 1414 394 1471 ager
404 1399 501 1472 plenus
512 1399 643 1474 lapidibus
655 1416 710 1454 non
722 1399 865 1472 longeest,
878 1399 976 1473 quibus
983 1417 1025 1456 me
1034 1399 1258 1456 contradicentem

181 1480 289 1538 obruas.
313 1499 373 1539 nam
384 1493 521 1541 exossatus
533 1501 597 1558 ager
608 1493 649 1541 est
658 1484 755 1559 plenus
767 1483 899 1559 lapidibus
910 1485 1057 1541 secundum
1070 1500 1116 1540 eos
1128 1483 1174 1557 qui
1190 1483 1260 1540 deh-

180 1567 259 1624 niunt
269 1567 371 1642 lapides
384 1585 444 1626 ossa
454 1587 513 1627 esse
523 1578 619 1635 terrae,
632 1569 779 1626 ut0vidius
791 1571 818 1625 in
830 1569 1079 1644 metamorphoseon
1092 1567 1177 1642 aitll,
1187 1567 1258 1642 393]

177 1646 292 1726 ‘lapides
303 1653 331 1708 in
344 1670 459 1727 corpore
470 1664 559 1713 terrae
570 1672 630 1711 ossa
641 1672 704 1712 reor
715 1651 786 1711 dici’.
851 1671 900 1728 age
918 1655 940 1712 si
957 1654 1018 1711 mibi
1031 1653 1113 1710 nulla.
1125 1653 1168 1710 bic
1179 1662 1260 1727 poeta

180 1739 265 1812 tangit
292 1737 477 1813 heredipetas,
508 1741 554 1813 qni
585 1739 704 1814 quamvis
731 1739 804 1796 nulla
830 1741 992 1814 cognatione
1014 1738 1188 1796 testatoribus
1210 1740 1260 1796 ad-

180 1822 316 1886 haereant,
342 1831 427 1879 tamen
451 1825 620 1896 propinquos
642 1825 682 1880 vel
704 1825 815 1880 heredes
838 1841 866 1880 se
880 1826 963 1882 videri
979 1825 1082 1881 volunt.
1142 1827 1180 1882 55
1204 1821 1259 1880 Βο-

179 1906 256 1963 villae
281 1915 346 1963 sunt
374 1908 448 1964 vicus
476 1907 510 1963 ad
537 1908 708 1963 undecimum
736 1908 849 1981 lapidem
877 1910 979 1983 Appiae
1008 1911 1075 1965 riae.
1119 1925 1180 1964 nam
1210 1909 1260 1966 ali-

181 1993 288 2065 quando
311 1993 337 2047 in
361 1991 466 2049 Albano
489 2002 581 2049 monte
603 1991 635 2048 ab
657 2009 702 2048 ara
723 1992 830 2066 lugiens
854 2002 946 2050 taurus
968 1994 1019 2049 iam
1036 2003 1210 2050 consecratus
1224 1992 1262 2048 ibi

180 2075 390 2150 comprehensus
413 2087 463 2135 est.
508 2079 581 2135 unde
603 2078 717 2134 Bovillae
740 2077 834 2134 dictae.
940 2081 978 2138 56
1003 2086 1133 2152 quattuor
1153 2077 1260 2134 milibus

179 2161 255 2218 abest
282 2162 364 2220 Virbii
393 2164 491 2229 clivus,
522 2181 574 2239 qua
602 2163 653 2221 iter
679 2163 774 2221 estad
796 2163 911 2220 Ariciam
934 2165 1014 2221 etad
1038 2179 1132 2219 nemus
1155 2163 1259 2227 Dianae,

179 2247 226 2304 ubi
249 2247 353 2304 Virbius
376 2249 489 2313 colitur,
521 2251 548 2306 id
570 2258 611 2304 est
633 2248 804 2324 Hippolytus,
831 2249 905 2323 quod
926 2249 966 2305 bis
988 2250 1015 2304 in
1037 2249 1117 2305 vitam
1139 2247 1260 2323 prolatus

179 2333 224 2388 sit.
248 2348 307 2387 nam
330 2349 392 2388 cum
407 2333 567 2406 Hippolytus
589 2333 738 2389 aPhaedra
761 2351 876 2390 noverca
900 2333 935 2389 ob
957 2333 1183 2407 pulchritudinem
1199 2350 1260 2390 cor·

180 2416 254 2490 poris
283 2425 432 2481 amaretur,
463 2433 519 2474 eam
541 2417 641 2490 sprevit
666 2418 748 2490 patris
771 2416 900 2473 thalamos
922 2417 1018 2474 nolens
1040 2417 1149 2474 violare.
1187 2421 1259 2492 quod

181 2518 241 2558 cum
271 2499 432 2575 Hippolytus
459 2501 529 2576 patri
558 2510 694 2566 narraret,
724 2517 784 2557 eum
808 2517 923 2556 noverca
951 2518 1028 2557 verso
1056 2502 1165 2558 crimine
1187 2503 1259 2557 ultro

181 2587 283 2643 Theseo
305 2587 400 2642 marito
416 2587 559 2644 accusavit.
604 2603 659 2661 quo
675 2585 765 2659 agnito
783 2585 944 2660 llippolytus
959 2586 1036 2660 legit,
1056 2594 1083 2642 et
1098 2585 1161 2641 dum
1177 2602 1260 2642 curru

180 2672 207 2728 in
235 2671 315 2728 litore
343 2679 527 2736 exerceretur,
556 2671 633 2746 petiit
655 2690 668 2727 a
691 2671 816 2745 Neptuno
846 2671 963 2728 Theseus
991 2679 1023 2727 ut
1045 2671 1068 2727 ei
1093 2670 1209 2744 phocas,
1233 2669 1259 2726 id

181 2765 222 2814 est
242 2757 342 2813 vitulos
365 2759 481 2814 marinos
503 2757 667 2813 immitteret.
691 2773 745 2830 quo
769 2756 840 2813 lacto
864 2757 925 2830 equi
941 2757 997 2813 eius
1014 2763 1183 2830 pavescentes
1199 2773 1261 2813 eum

181 2843 359 2904 iactaverunt.
389 2851 418 2899 et
445 2852 569 2899 mortuus
597 2851 649 2898 est.
694 2841 788 2898 dolens
816 2842 895 2897 biano
923 2842 1074 2916 speciosum
1107 2850 1260 2899 venatorem

181 2928 308 2991 amisisse,
332 2926 485 3002 Asclepium
508 2927 587 2984 deum
607 2927 752 2984 medicinae
779 2927 947 2984 inventorem
969 2928 1054 3001 petiit,
1072 2937 1108 2982 ¹ut
1130 2944 1190 2983 eum
1213 2943 1261 2986 sua

182 3020 238 3069 arte
267 3012 299 3068 ad
328 3013 407 3069 vitam
436 3013 585 3069 reduceret.
630 3029 684 3086 quo
713 3012 784 3068 lacto
807 3011 947 3086 Asclepius
969 3029 1031 3068 eum
1052 3012 1141 3066 vivum
1164 3011 1261 3066 llianae

182 3097 315 3160 restituit,
345 3107 372 3154 et
400 3106 539 3172 acceptum
568 3098 647 3153 Diana
675 3097 710 3152 in
724 3096 787 3152 luco
810 3113 859 3152 suo
882 3103 913 3152 ut
934 3113 1047 3153 securus
1068 3097 1169 3152 viveret
1190 3111 1260 3152 con-

182 3181 296 3237 secravit
327 3191 354 3237 et
380 3182 499 3239 Virbium
532 3182 637 3238 vocavit
664 3182 776 3244 merito,
811 3181 884 3255 quod
914 3179 954 3236 bis
983 3181 1009 3235 in
1037 3181 1116 3237 vitam
1138 3181 1260 3255 prolatus

183 3273 262 3322 esset.
403 3269 533 3324 continuo
555 3267 618 3323 mihi
641 3267 741 3323 llanius
768 3267 885 3324 occurrit
906 3266 951 3340 qui
974 3283 1002 3322 se
1023 3266 1149 3323 heredem
1171 3277 1259 3322 meum

183 3367 242 3407 esse
264 3349 336 3414 dicit,
361 3368 420 3408 cum
443 3369 504 3409 eum
526 3353 651 3409 nesciam.
675 3360 722 3408 aut
743 3361 816 3407 certe
839 3351 952 3408 llanium
976 3351 1040 3407 dicit
1065 3350 1211 3406 deformem
1234 3359 1261 3404 et

182 3437 305 3510 ignotum
326 3436 461 3494 hominem
481 3454 513 3494 eo
528 3437 602 3512 quod
616 3437 718 3493 maniae
733 3437 860 3492 dicuntur
873 3437 992 3493 indecori
1013 3434 1104 3490 vultus
1118 3449 1259 3506 personae,

184 3521 280 3595 quibus
302 3526 379 3596 pueri
401 3531 547 3579 terrentur.
636 3524 672 3580 61
699 3521 772 3595 apud
794 3520 912 3577 Athenas
934 3520 991 3576 ludi
1013 3517 1218 3577 celebrabantur
1232 3519 1260 3574 in

269 3685 457 3738 otiositati
477 3684 842 3750 fortaeaeeaenPcorr.p
913 3686 947 3736 54
964 3685 1102 3749 patrois?
1168 3684 1204 3735 55.
1219 3697 1260 3734 ac-

186 3750 293 3804 cetea
363 3756 395 3806 56
414 3755 486 3805 uerbi
505 3755 572 3820 Ppr.
642 3753 831 3814 manninsaP,
850 3754 912 3802 item
930 3754 971 3815 60,
990 3752 1064 3802 ead·
1054 3754 1199 3802 caracara
1217 3753 1261 3801 tie

186 3819 441 3873 nniusilliennil'
525 3826 555 3874 bl
576 3837 625 3888 que
650 3837 682 3872 ex
701 3828 724 3870 α
813 3821 845 3872 58
864 3822 991 3886 authr.
1061 3825 1146 3871 tamen
1166 3834 1217 3871 om
1236 3826 1260 3869 α

273 3890 306 3939 59
324 3889 402 3941 etiam
421 3889 442 3940 si
461 3892 584 3942 terraeP
666 3890 743 3940 ritum
762 3891 884 3940 Ptecnm
903 3895 927 3938 α
1014 3890 1046 3940 60
1066 3887 1198 3939 exstatP:
1218 3885 1259 3937 uel

113 3983 117 3990 ·
186 3956 380 4022 exitauperrcr.
389 3957 507 4022 perita
578 3959 607 4010 61
620 3962 694 4010 estttt
747 3955 918 4008 decursumP
968 3955 1103 4023 poscasP:
1117 3967 1203 4021 poscis
1213 3960 1259 4018 ap
