2792 4444
606 215 738 269 SATVRA
756 217 786 269 lll
1194 215 1234 273 29

162 392 194 452 in
216 390 363 470 locuplete
384 407 467 469 penu
488 389 617 451 defensis
638 390 800 470 pinguibus
822 389 948 466 Vmbris,

163 485 192 538 et
213 476 300 556 piper
322 484 351 536 et
371 493 492 555 pernae,
515 475 603 537 blansi
625 482 819 536 monumenta
841 474 966 548 clientis,
1208 487 1236 536 '15

162 578 327 639 maenaque
350 561 429 638 quod
452 560 546 641 prima
568 559 702 621 nondum
725 560 866 621 defecerit
888 579 966 622 orca.

204 646 254 707 hic
276 645 380 748 aliquis
402 645 439 706 de
461 654 549 742 gente
571 645 687 707 hircosa
710 653 779 706 cent
766 645 919 707 turionum

165 730 258 792 dicat:
279 724 384 809 “quod
406 731 500 810 sapio,
522 730 591 793 satis
613 740 659 792 est
679 731 760 791 mihi.
797 749 859 792 non
882 750 938 811 ego
961 748 1033 793 curo

163 835 229 878 esse
252 815 331 895 quod
353 816 498 877 Arcesilas
520 817 750 895 aerumnosique
773 815 898 878 Solones

165 901 281 981 obstipo
304 901 399 980 capite
421 909 451 962 et
472 901 597 979 figentes
618 900 732 998 lumine
753 910 872 976 terram,
1121 899 1300 1152 ww
1257 851 1354 1028 gis)

164 1004 318 1047 murmura
340 1004 407 1047 curn
430 1003 531 1047 secum
554 993 585 1046 et
606 986 722 1068 rabiosa
743 985 859 1047 silentia
881 986 992 1048 rodunt

164 1080 252 1150 atque
273 1079 450 1169 exporrecto
472 1071 656 1132 trutinantur
676 1069 767 1134 verba
788 1070 905 1146 labello,

167 1156 280 1234 aegroti
301 1157 408 1218 veteris
429 1155 604 1218 meditantes
626 1157 751 1230 somnia,
776 1156 858 1236 gigni

164 1242 202 1302 de
225 1241 317 1302 nihilo
340 1241 504 1315 nihilum,
495 1259 527 1302 ιιι
551 1241 675 1302 nihilum
697 1241 740 1302 nil
760 1259 848 1321 posse
871 1240 990 1303 reverti.

164 1415 232 1470 sumi
253 1431 318 1488 prae
339 1414 510 1472 multitudine
531 1430 588 1470 non
610 1421 734 1488 possunt.
779 1432 847 1489 quae
877 1413 981 1470 cellaria
1002 1409 1158 1468 muneribus
1179 1409 1240 1482 pin·

165 1499 257 1572 guium
289 1498 450 1556 Vmbrorum
478 1499 519 1556 vel
552 1498 680 1556 clientum
713 1499 812 1557 referta
837 1507 909 1563 sunt,
939 1497 1037 1572 quibus
1059 1495 1242 1552 defensionem

165 1585 358 1657 patrocinando
381 1584 521 1659 praebent.
608 1583 678 1641 beno
700 1601 774 1659 penu
797 1585 870 1649 dixit,
892 1600 948 1640 non
974 1599 1085 1658 penore,
1118 1589 1150 1637 ut
1171 1580 1242 1636 Ver-

166 1669 245 1742 gilius
275 1667 354 1745 [ren.
379 1673 405 1734 1,
428 1669 511 1744 704].
594 1669 665 1726 inter
687 1680 797 1727 cunctas
819 1687 886 1744 quas
907 1668 955 1725 tibi
978 1676 1068 1742 partes
1099 1665 1243 1723 iniunxerit

167 1753 233 1810 deus
254 1755 283 1809 in
305 1755 429 1811 convictu
452 1755 498 1829 qui
520 1771 580 1810 cum
603 1755 757 1812 hominibus
779 1763 829 1820 est,
851 1771 952 1811 summa
968 1753 1087 1810 omnium
1101 1758 1142 1809 est
1151 1750 1242 1825 philo-

167 1839 286 1911 sophari.
329 1855 380 1895 nec
411 1846 438 1895 te
473 1837 631 1894 abstraxerit
667 1840 807 1896 admiratio
839 1838 1016 1896 abundantiae
1048 1846 1076 1894 et
1108 1836 1243 1912 potentiae

168 1923 373 1987 causidicorum,
396 1923 472 1997 quod
492 1922 629 1996 plerisque
649 1924 790 1980 iuvenibus
812 1924 915 1980 accidit.
1010 1925 1049 1982 76
1072 1938 1165 1979 maena
1187 1923 1244 1978 sal-

168 2008 281 2064 samenti
313 2025 398 2081 genus
432 2016 473 2065 est
505 2024 536 2064 ex
557 2008 630 2081 pisce
662 2007 777 2065 minuto.
865 2011 902 2066 77
927 2007 1032 2064 hircosa
1058 2007 1123 2064 dixit
1143 2017 1189 2062 aut
1211 2006 1244 2062 ab

165 2093 254 2149 odore
286 2093 422 2166 corporis,
454 2093 516 2167 quia
548 2109 580 2149 ex
607 2093 693 2150 multo
719 2092 812 2149 labore
838 2101 865 2150 et
886 2093 945 2150 cibo
968 2102 995 2149 et
1015 2109 1110 2148 somno
1132 2091 1244 2148 fetidum

65 2187 79 2222 ι·
168 2178 275 2244 sudant,
309 2187 356 2235 aut
387 2177 420 2234 ad
448 2195 538 2236 mores
560 2178 689 2235 barbaros
711 2178 831 2244 rettulit,
858 2179 932 2253 quod
954 2195 1047 2235 eorum
1065 2177 1174 2252 quidam
1195 2175 1247 2234 dici

169 2263 256 2337 putidi
287 2263 386 2319 solent.
495 2267 533 2322 79
557 2280 612 2319 non
641 2281 707 2321 curo
737 2281 796 2321 esse
824 2265 876 2320 hoc
905 2264 980 2338 quod
1002 2262 1134 2324 Arcesilas
1155 2261 1248 2337 philo-

169 2347 273 2421 sophus
301 2354 348 2404 aut
376 2346 460 2404 Solon
490 2349 536 2421 qui
564 2349 635 2420 apud
666 2349 842 2405 Athenienses
863 2348 1040 2422 philosophus
1063 2357 1090 2404 et
1110 2348 1248 2420 legislator

167 2440 238 2489 erat.
295 2431 409 2488 Solones
442 2448 507 2487 sane
538 2448 614 2488 more
641 2433 760 2488 llomano
789 2433 867 2496 dixit,
909 2442 942 2489 ut
974 2434 1087 2489 Catones
1125 2432 1248 2489 Camillos

170 2519 282 2575 llrusos.
326 2515 477 2572 aerumnosi
509 2525 614 2581 autem,
648 2517 711 2591 quia
738 2517 874 2590 frugalitas
901 2516 1124 2590 philosophorum
1152 2517 1249 2572 misera

170 2603 276 2659 videtur
297 2601 442 2657 luxuriosis
465 2610 491 2658 et
512 2601 642 2676 prodigis.
693 2619 724 2660 eo
748 2602 822 2676 quod
844 2602 961 2658 animum
983 2601 1104 2658 colentes
1126 2601 1248 2674 corporis

171 2687 274 2744 cultum
306 2685 431 2742 abiciant.
500 2687 632 2744 Arcesilas
663 2687 755 2761 Scythi
790 2686 861 2744 filius
898 2687 1055 2751 Pitanaens,
1089 2686 1248 2760 Cyrenaicus

171 2772 349 2848 philosophus
369 2771 581 2845 perfectissimus
603 2772 662 2836 fuit,
686 2773 732 2847 qui
755 2773 922 2830 Academiam
944 2773 1045 2846 primus
1067 2771 1176 2828 invenit.

259 2860 297 2916 80
322 2856 441 2930 obstipo.
476 2858 504 2914 id
531 2867 573 2914 est
600 2857 726 2914 inclinato
750 2867 777 2914 et
798 2858 955 2932 gravitatem
976 2856 1117 2914 simulante
1139 2866 1166 2914 et
1187 2874 1249 2914 cum

173 2941 331 3017 obliquitate
357 2941 421 2998 fixo.
509 2945 549 3002 84
571 2943 656 3016 prima
683 2944 856 3018 physicorum
885 2942 1005 3018 quaestio
1032 2951 1119 3000 estet
1141 2943 1174 2999 de
1196 2959 1250 3016 qua

171 3027 243 3084 inter
276 3044 367 3084 omnes
401 3027 541 3091 convenit,
575 3026 640 3084 nibil
669 3029 702 3085 de
731 3028 812 3084 nihilo
841 3028 914 3084 nasci
942 3038 969 3084 et
997 3027 1062 3084 nihil
1088 3027 1115 3082 in
1137 3027 1249 3084 nihilum

170 3112 251 3168 solvi.
336 3122 417 3185 negat
445 3113 567 3169 centurio
598 3112 665 3170 velle
686 3131 715 3170 se
745 3113 845 3170 discere
873 3122 900 3170 et
929 3113 992 3169 dicit
1011 3113 1062 3169 ita:
1096 3111 1250 3187 philosophi

174 3194 226 3253 sibi
244 3195 331 3252 oculis
352 3197 484 3263 formant,
514 3198 548 3254 de
570 3196 668 3271 quibus
689 3197 816 3272 scripturi
837 3206 910 3263 sunt,
937 3206 968 3254 ut
989 3198 1115 3256 diuturna
1136 3197 1250 3255 infirmi-

174 3290 232 3338 tate
252 3281 383 3346 homiues,
406 3283 467 3356 quia
488 3283 606 3339 siccitate
628 3281 741 3339 febrium
754 3283 1137 3343 etinsomnitatediversorum
1153 3283 1250 3356 imagi-

174 3383 223 3424 nes
247 3365 330 3423 oculis
352 3383 446 3422 eorum
468 3367 628 3424 formantur.
672 3368 750 3425 stoici
771 3378 923 3426 asseverant
944 3385 998 3426 non
1021 3384 1101 3442 posse
1123 3367 1155 3423 ad
1177 3368 1250 3424 nihi-

173 3452 230 3509 lum
258 3451 357 3526 aliquid
383 3453 481 3510 reverti
509 3461 536 3510 et
562 3451 660 3527 aliquid
688 3471 745 3510 non
773 3455 801 3509 in
830 3454 895 3511 nihil
916 3453 1023 3510 resolvi.
1067 3467 1127 3508 nam
1149 3468 1250 3528 corpus
1331 3525 1333 3527 Ι

174 3537 270 3596 atomis
304 3546 424 3604 constat,
459 3554 521 3594 cum
552 3537 665 3604 decidit,
698 3540 725 3595 in
757 3547 861 3596 atomos
884 3537 1045 3596 dissolvitur.

262 3703 296 3754 74
313 3701 434 3754 defensus
453 3709 477 3754 α
564 3706 595 3756 75
614 3717 665 3754 οιιι.
684 3709 708 3754 α
727 3703 766 3769 (in
784 3705 908 3768 margine
925 3702 988 3753 cdd.
1006 3705 1031 3770 b)
1057 3703 1250 3783 legitPrisoia·

177 3785 270 3835 corp.
289 3769 339 3822 205
408 3771 520 3823 eluentis
537 3773 561 3822 P
575 3771 711 3836 clientisp
791 3772 824 3824 78
842 3769 958 3822 Dictaa
1038 3773 1111 3838 sepio
1129 3772 1192 3823 satis
1211 3774 1251 3822 est

176 3839 212 3888 P:
230 3838 293 3889 satis
311 3841 352 3890 est
368 3839 442 3904 sapio
462 3845 486 3890 α
556 3841 589 3892 79
607 3839 745 3904 selonesp
764 3839 862 3890 solonis
882 3846 904 3890 α
991 3842 1023 3893 80
1042 3838 1121 3906 Obsip
1139 3839 1181 3889 oet
1198 3837 1249 3906 Op-

175 3905 217 3970 sip
237 3913 261 3957 α
279 3903 446 3973 ΟιιεῑίιροΡ
523 3905 689 3989 fingentisa
767 3908 970 3960 eructuate
1063 3910 1094 3960 83
1113 3907 1211 3959 somnia
1228 3907 1253 3956 P

176 3973 261 4025 omnia
281 3979 335 4024 tum
353 3989 448 4026 rursus
466 3976 565 4028 somnia
578 3991 599 4042 p
669 3978 703 4028 84
720 3974 794 4028 liin.
814 3983 837 4027 α
906 3975 933 4026 in
950 3975 1031 4028 nihilo
1051 3981 1076 4026 α
