2792 4444
604 221 789 276 PRAEFATIO
1203 224 1237 275 xi

155 415 276 458 carmen
289 394 382 471 ixx,
399 405 480 457 recte
496 395 649 476 Peyronus
670 395 719 472 (de
734 396 805 458 bibl.
821 396 894 457 lioh.
910 405 979 456 ante
995 395 1054 457 Cic.
1071 414 1115 456 or.
1130 397 1235 475 fragm.

159 517 189 578 p.
205 497 270 575 XX)
291 499 450 578 Sulpiciam
465 498 619 559 intellexit.
653 495 760 559 addere
774 507 891 578 poterat
907 516 1064 560 numerum
1082 498 1159 558 LXX
1174 518 1236 560 non

159 600 370 679 epigrammata
385 601 437 662 sed
450 600 597 680 Sulpiciae
611 618 714 662 versus
729 602 906 679 significare.
929 599 999 661 iude
1014 601 1143 680 primum
1158 600 1237 662 edita

161 702 257 763 estin
281 702 356 763 libro
385 721 400 762 a
425 702 626 763 Werusdoriio
656 704 747 780 (poet.
769 703 819 781 lat.
843 703 915 764 min.
936 702 959 762 V
983 721 1011 782 p.
1038 705 1131 778 1457)
1153 720 1236 762 555-

159 815 322 866 memorato
349 787 447 867 Pa'ttn·
472 804 606 883 Greporii
632 802 746 884 Tiferni
768 805 904 886 opmoulo
929 805 1077 886 5555555.
1124 803 1239 866 looioui

160 907 289 969 Pomone·
314 911 402 969 nmio
431 916 457 968 et
486 910 703 987 cpiprommoto.
754 905 903 968 Froucisci
931 905 1046 966 Octavii
1080 905 1238 984 elapiorum

160 1010 273 1072 libellus
295 1021 322 1071 et
337 1009 480 1090 epistolae.
521 1007 668 1089 Sulpiciae
689 1012 821 1070 cormiuo
842 1007 931 1070 ixx.
967 1006 1087 1070 Venetiis
1098 1026 1152 1088 per
1167 1009 1237 1069 ller-

158 1113 317 1174 nardinum
345 1110 480 1174 Venetum
502 1131 530 1172 o.
556 1113 649 1175 1498.
679 1110 816 1188 equidem
839 1111 928 1172 huius
957 1110 1024 1171 libri
1047 1111 1237 1188 Argentorati

160 1231 186 1272 5.
205 1217 287 1279 1509
303 1214 426 1293 repetita
442 1223 472 1274 et
487 1212 616 1275 Cornelii
633 1213 707 1273 Galli
722 1221 810 1291 atqua
827 1212 985 1292 Pomponii
1001 1212 1118 1273 Gaurici
1134 1212 1236 1290 elegiis

158 1325 242 1377 aucta
266 1315 396 1377 editione
422 1334 493 1377 usus
520 1333 602 1389 sum,
631 1315 662 1375 in
693 1333 751 1394 qua
773 1315 922 1395 Sulpiciae
949 1314 1163 1394 praescriptum
1194 1324 1239 1376 est

161 1418 304 1499 Sulpiciae
334 1421 481 1490 carmina,
509 1437 580 1498 quoe
608 1417 669 1495 fuit
699 1417 861 1480 Drmitioai
887 1417 1070 1497 temporibus,
1098 1435 1192 1497 nuper
1220 1437 1238 1479 o

158 1519 283 1600 Georpio
299 1519 413 1581 Merula
431 1520 629 1582 tenacium
653 1539 718 1582 cum
740 1519 808 1582 eliis
835 1518 980 1600 opusculis
1000 1529 1114 1599 reperto
1171 1517 1236 1593 (M).

159 1643 175 1685 e
198 1623 299 1684 codice
321 1623 386 1702 ipso
408 1631 458 1683 aut
480 1642 516 1684 ex
539 1623 709 1702 apographo
732 1623 796 1682 eius
818 1640 886 1683 oum
901 1622 1024 1683 Ausonii
1053 1619 1237 1683 carminibus

159 1724 249 1786 edidit
278 1724 432 1786 'l'hadaeus
460 1724 600 1802 Vgoletus
636 1725 760 1785 Parmae
785 1726 876 1788 1499.
901 1723 1036 1785 Venetiis
1069 1726 1147 1787 1501
1178 1721 1236 1801 (7).

158 1826 283 1887 Ausonii
296 1826 463 1905 catalogum
480 1826 624 1888 nobilium
638 1825 758 1888 urbium
774 1826 884 1905 excipit
904 1825 1008 1886 titulus
1048 1823 1238 1905 851515515-

159 1929 236 2007 oipit.
260 1931 392 2008 queritur
413 1929 446 1989 de
467 1937 544 1989 stotu
565 1931 658 2008 reipn.
685 1937 711 1988 et
731 1927 906 2008 temporibus
921 1928 1092 1990 Domitiani.
1130 1927 1161 1986 in
1178 1927 1239 1987 fine

155 2029 361 2110 subscriptum
385 2039 429 2092 est
449 2030 560 2110 fecium
587 2029 720 2110 sulpitius
742 2030 826 2090 dicto.
871 2029 1091 2110 Epr'prommoto
1116 2029 1241 2091 Ausonii

158 2151 231 2214 quoe
252 2132 392 2210 feramur
413 2151 558 2196 5555555
586 2132 787 2194 ebibliotbeco
815 2131 932 2212 decreti
955 2131 1150 2194 Aleoondrici
1179 2135 1240 2191 oiri

160 2236 192 2296 de
215 2235 316 2313 impeto
338 2235 430 2296 lutino
452 2235 639 2297 benemeriti
662 2233 764 2312 (XXlV
788 2237 934 2310 numero).
968 2233 1038 2294 inde
1060 2234 1091 2294 15
1114 2232 1237 2311 quibus-

161 2336 226 2395 dam
250 2337 372 2396 Ausonii
395 2336 575 2398 editionibus
598 2337 696 2397 locum
719 2337 825 2410 tenuit,
858 2337 936 2398 inter
958 2355 1031 2415 quas
1053 2335 1189 2396 aruinam
1212 2353 1237 2396 a.

163 2440 255 2509 1517,
278 2438 511 2498 'l'ornaesianam
534 2457 560 2498 a.
580 2439 671 2512 1558,
694 2436 752 2498 155.
769 2438 910 2516 Scaligeri
927 2457 953 2498 5.
972 2441 1064 2511 1575,
1081 2437 1125 2498 ΕΙ.
1142 2439 1238 2498 715511

158 2559 186 2600 a.
211 2541 293 2604 1588
318 2541 401 2605 16114
424 2540 558 2602 nomino.
601 2547 664 2601 tum
687 2540 766 2600 iuter
787 2540 919 2600 carmina
940 2539 1081 2600 Petronio
1104 2540 1200 2599 addita
1221 2559 1238 2599 a

158 2643 231 2703 lano
259 2643 357 2704 house
386 2641 571 2722 potissimum
599 2641 811 2702 schediasmate
840 2660 866 2703 a.
899 2633 991 2706 1585
1010 2641 1089 2702 edito
1116 2648 1239 2702 tractata

155 2753 214 2806 eat.
258 2763 349 2824 porro
372 2745 403 2804 15
427 2745 625 2823 vergilianam
647 2743 842 2824 appendicem
866 2744 924 2808 los.
941 2744 1072 2824 Scaliger
1094 2761 1121 2804 a.
1146 2746 1238 2817 1572,

158 2847 240 2908 iuter
262 2847 471 2926 epigrammata
492 2836 591 2908 vetera
613 2847 676 2908 Pet.
692 2847 834 2917 Pithoeus
856 2865 881 2906 5.
902 2848 983 2910 1590
999 2846 1122 2926 recepit,
1143 2846 1239 2925 poetis

160 2948 259 3010 latims
272 2949 441 3010 mineribus
455 2949 646 3010 Burmannus
660 2967 687 3009 a.
705 2951 797 3022 1731,
815 2948 1034 3010 Wernsdorlius
1050 2967 1076 3008 5.
1094 2950 1175 3012 1782
1191 2948 1239 3007 15-

156 3062 332 3123 55555551,
355 3053 452 3131 poetis
466 3051 600 3132 satyricis
623 3051 790 3112 minoribus
801 3051 839 3112 bl.
857 3051 887 3110 Z.
898 3051 1088 3112 Boxhornius
1103 3068 1128 3110 5.
1146 3051 1237 3114 1633.

160 3153 289 3214 iuvenali
305 3163 335 3214 et
349 3153 452 3216 Persio
470 3153 585 3234 primus
599 3153 705 3214 adiecit
720 3153 753 3213 P.
770 3152 911 3214 Pithoeus
924 3171 951 3214 5.
970 3154 1063 3218 1585.
1084 3170 1153 3212 555
1170 3151 1237 3212 Chr.

162 3253 253 3314 Gottl.
281 3255 439 3317 Schwarnii
470 3255 683 3318 commentario
713 3255 804 3316 edidit
831 3274 856 3316 a.
882 3257 963 3320 1819
994 3254 1052 3316 loa.
1082 3254 1237 3316 Gurlittus.

161 3357 259 3418 omnis
273 3357 409 3421 lectionis
429 3359 503 3420 fides
519 3358 549 3418 in
573 3358 704 3419 carmine
726 3358 812 3418 ioede
828 3367 969 3437 corrupto
992 3368 1022 3418 et
1035 3357 1132 3418 media
1154 3365 1237 3436 parte

137 3467 304 3538 ¹quantum
327 3459 411 3520 video
434 3459 568 3522 mutilato
581 3493 623 3509 ·-—-
638 3477 735 3538 neque
758 3459 838 3520 enim
860 3459 1025 3520 sententiae
1041 3467 1108 3538 apte
1130 3458 1238 3518 cobae-

160 3569 228 3622 rent
252 3579 350 3640 neque
371 3560 523 3635 fabellam,
553 3579 642 3640 qnam
664 3579 696 3622 se
719 3570 903 3622 narraturam
926 3579 991 3622 esse
1012 3560 1143 3640 Sulpicia
1165 3577 1238 3639 pro-

159 3663 249 3736 misit,
272 3663 392 3724 1555515
407 3681 557 3743 -penes
580 3663 614 3724 M
618 3663 644 3723 l'
654 3672 706 3737 eet,
730 3681 854 3742 quarum
870 3663 1012 3725 lectiones
1035 3681 1096 3724 non
1112 3662 1239 3722 multum

161 3765 242 3828 inter
263 3784 297 3828 se
318 3765 520 3845 discrepantes
541 3784 646 3827 omnes
668 3765 821 3844 adscripsi.

249 3866 342 3928 Tvnru
364 3868 415 3946 qui
432 3867 501 3930 olim
524 3885 593 3929 cnm
608 3867 739 3948 Sulpicia
755 3866 918 3928 edebantur
939 3885 1041 3927 versus
1057 3885 1073 3927 a
1088 3865 1148 3927 loa.
1165 3865 1238 3926 Lud.

161 3967 271 4030 Guezio
294 3968 427 4030 Bahacio
445 3970 630 4049 conscriptos
652 3988 717 4032 esse
739 3977 863 4031 constat.
900 3986 967 4031 narn
990 3986 1058 4030 cum
1081 3969 1121 4032 30
1137 3985 1239 4027 versus
