2792 4444
150 131 192 194 w
602 133 777 188 mm

151 307 225 368 haec
246 306 345 368 animo
369 313 438 367 ante
460 306 556 380 tubas,
579 306 724 384 galeatum
749 323 816 367 sero
839 306 929 368 duelli

152 382 302 472 paenitet.³
329 391 465 471 experiar
486 391 557 470 quid
580 391 762 452 concedatur
784 391 814 452 in
837 391 904 454 illos
1185 404 1230 456 tto

153 495 282 556 quorum
305 476 448 538 Flaminia
471 477 581 556 tegitur
602 477 677 539 cinis
698 485 786 555 atque
809 476 921 538 Latina.

606 760 738 813 sorvita
756 760 777 813 ll

152 866 233 926 Vltra
257 865 446 926 Sauromatas
468 865 572 944 lugere
596 867 666 927 hinc
688 865 762 926 libet
783 875 813 926 et
834 866 986 944 glacialem

154 951 317 1026 Oceanum,
341 950 481 1029 quotiens
503 950 613 1029 aliquid
636 950 672 1011 de
695 950 829 1012 moribus
851 953 962 1014 audent

152 1036 203 1114 qui
227 1036 332 1097 Curios
353 1036 493 1096 simulant
515 1045 545 1096 et
566 1035 757 1097 Bacchanalia
781 1036 891 1098 vivunt.

151 1120 265 1182 indocti
287 1121 426 1199 primum,
450 1138 628 1199 quamquam
652 1121 739 1200 plena
762 1122 862 1182 omnia
885 1141 978 1202 gypso

153 1205 309 1286 Chrysippi
332 1205 479 1281 inveniam
504 1224 571 1265 nam
595 1205 826 1285 perfectissimus
848 1208 965 1283 horum,

153 1291 177 1352 si
201 1291 267 1369 quis
289 1291 468 1352 Aristotelen
492 1290 617 1352 similem
639 1291 685 1352 vel
707 1291 843 1353 Pittacon
867 1292 938 1353 emit

153 1383 182 1436 et
203 1375 286 1437 iubet
308 1376 484 1455 archetypos
506 1376 641 1454 pluteum
664 1395 780 1437 servare
803 1377 969 1440 Cleanthas.

152 1461 258 1522 frontis
282 1461 363 1522 nulla
385 1462 473 1536 lides3
498 1461 564 1540 quis
586 1462 666 1522 enim
690 1481 751 1522 non
776 1461 856 1523 vicus
879 1461 1009 1524 abundat

152 1545 287 1607 tristibus
311 1543 491 1607 obscaenis?
514 1546 638 1624 castigas
660 1547 767 1626 turpia,
791 1565 858 1607 cum
881 1547 922 1608 sis

151 1630 232 1690 inter
255 1630 421 1691 Socraticos
443 1629 595 1691 notissima
617 1631 696 1692 fossa
720 1630 881 1693 cinaedos?
1200 1641 1229 1691 10

152 1714 268 1793 hispida
291 1715 424 1775 membra
447 1714 566 1793 quidem
590 1723 620 1776 et
641 1714 733 1776 durae
755 1735 809 1796 per
832 1716 970 1778 bracchia
993 1726 1089 1780 saetae

154 1800 334 1878 promittunt
355 1807 485 1861 atrocem
507 1801 649 1874 animum,
672 1802 724 1861 sed
746 1803 852 1881 podice
875 1803 932 1863 levi

154 1886 319 1946 caeduntur
341 1885 471 1946 tumidae
494 1885 609 1946 medico
632 1885 747 1947 ridente
771 1888 922 1949 mariscae.

153 1988 239 2032 rarus
262 1989 360 2032 sermo
384 1970 440 2032 illis
463 1980 493 2032 et
513 1989 620 2049 magna
642 1971 733 2032 libido
757 1973 874 2034 tacendi

152 2063 241 2133 atque
263 2055 424 2135 supercilio
447 2055 565 2116 brevior
587 2074 681 2117 coma.
725 2057 823 2117 verius
846 2075 917 2136 ergo

154 2148 183 2201 et
205 2141 298 2218 magis
320 2141 451 2218 ingenue
474 2139 676 2216 Peribomius;
698 2141 780 2202 hunc
803 2161 858 2221 ego
881 2142 949 2202 latis

152 2299 1129 2390 memmwmmmmm

241 2399 299 2457 169
329 2399 405 2456 tarde
433 2399 552 2473 paenitet
576 2399 702 2456 indixisse
730 2399 845 2465 bellum,
881 2416 942 2456 cnm
966 2399 1018 2455 iam
1039 2414 1132 2474 pugna
1154 2415 1229 2455 com-

152 2484 231 2540 missa
252 2483 296 2540 sit.
387 2486 443 2542 171
468 2484 525 2540 viae
547 2484 573 2539 in
597 2485 694 2559 quibus
717 2484 821 2542 nobiles
844 2484 1053 2558 sepeliebantur.

237 2568 259 2624 ll
285 2572 298 2626 1
325 2569 459 2626 Sarmatae
487 2569 572 2625 ultimi
601 2569 672 2626 ultra
699 2569 817 2626 Pontum
844 2579 924 2634 sunt,
953 2569 1032 2626 ricini
1055 2573 1228 2624 Amazonum.

151 2653 224 2710 unde
246 2652 420 2710 Sauromatae
442 2653 623 2726 appellantur.
711 2655 728 2711 3
752 2654 778 2710 id
801 2664 842 2711 est
864 2655 910 2729 qui
932 2654 983 2711 sub
1005 2654 1133 2728 figmento
1150 2670 1228 2710 seve-

151 2736 237 2794 ritatis
269 2747 334 2792 sunt
364 2737 491 2810 inpudici.
526 2753 587 2793 nam
613 2754 687 2794 sacra
716 2739 885 2796 Bacchanalia
918 2757 950 2797 ex
978 2740 1026 2796 SC.
1053 2738 1229 2795 condemnata

151 2830 230 2884 sunt.
261 2838 323 2876 cuna
350 2820 494 2896 probatum
528 2832 600 2879 esset
631 2823 736 2880 senatui
763 2825 962 2883 honestissimas
984 2825 1095 2881 feminas
1117 2824 1150 2879 ad
1173 2822 1230 2878 Sti·

151 2903 240 2964 mulae
262 2906 327 2963 deae
348 2906 439 2963 lucum
460 2907 540 2964 foede
561 2908 715 2966 adulterari.
804 2914 821 2970 5
838 2910 966 2983 imagines
983 2909 1122 2984 Chrysippi
1136 2907 1227 2981 philo-

152 2991 231 3066 sophi
251 2992 369 3050 inrenies
391 2993 463 3067 apud
485 3010 531 3051 eos
553 2993 635 3051 iactas
659 2995 691 3052 de
713 2995 799 3069 gipso.
827 2997 874 3070 qui
902 2996 953 3052 fuit
981 2996 1128 3052 stoicorum
1150 2993 1229 3066 prin-

153 3093 226 3150 ceps.
315 3081 331 3135 6
349 3077 500 3135 Aristotelis
516 3080 656 3154 imaginem
671 3080 781 3137 similem
795 3081 837 3138 vel
852 3089 975 3137 statuam.
1066 3083 1102 3138 10
1121 3079 1229 3134 Aristo-

151 3161 254 3238 phanes
275 3160 375 3218 lacerat
394 3163 582 3220 Socratemet
603 3166 747 3239 discipulos
770 3165 862 3240 ipsine,
887 3183 948 3222 cum
969 3166 1005 3222 sit
1025 3175 1050 3222 et
1073 3166 1131 3239 ipse
1151 3164 1228 3238 peior

151 3247 298 3326 plerisque.
389 3249 426 3305 13
450 3265 511 3303 nam
532 3250 697 3308 invenientes
719 3252 808 3326 stupri
829 3251 940 3324 vestigia
961 3250 1054 3307 medici
1077 3249 1176 3306 rident.
1201 3247 1229 3303 id

152 3341 193 3392 est
215 3332 377 3408 intellegunt
398 3340 426 3390 et
447 3334 585 3391 denotant.
719 3339 755 3395 16
779 3335 946 3393 Peribomius
970 3352 1068 3392 nomen
1092 3330 1227 3403 archigalli

151 3418 266 3483 cinaedi,
291 3436 372 3493 quem
394 3419 531 3493 magulum
554 3430 763 3494 conspurcatum
786 3422 907 3478 dicimus.
936 3422 982 3496 qui
1012 3418 1119 3494 publice
1145 3417 1228 3490 inpu-

151 3501 266 3559 dicitiam
287 3503 428 3578 professus
450 3515 500 3562 est.

240 3683 289 3735 tae
306 3684 347 3733 ric
364 3685 457 3734 Pnisi
474 3686 546 3749 quod
564 3702 579 3736 o
597 3699 681 3749 supra
708 3701 830 3738 uersam:
858 3688 986 3740 animante
1011 3683 1072 3737 tuba
1096 3701 1117 3752 p
1145 3684 1228 3736 anime

153 3754 212 3802 ante
229 3750 306 3802 tubas
325 3749 405 3802 Valla
476 3755 524 3805 tto
543 3753 587 3818 qni
605 3754 672 3817 Ppr.

239 3817 259 3868 ll
277 3817 309 3869 de
326 3816 436 3869 filosolis
455 3819 573 3871 obscenis
593 3821 700 3872 titulum
718 3824 796 3873 hotot
813 3823 837 3871 P
911 3827 921 3874 1
942 3823 984 3874 hic
1002 3825 1070 3888 Ppr.
1152 3826 1166 3875 5
1184 3821 1230 3872 bo·

153 3888 218 3949 rum]
237 3888 277 3937 est
295 3885 395 3936 adiecit
410 3901 429 3950 p
501 3889 532 3939 16
550 3887 697 3952 peribomns
713 3892 781 3954 Ppr.
