2804 4442
172 249 213 310 82
621 253 796 306 tvveuants

173 422 286 484 extollit
307 424 445 500 quotiens
466 424 558 484 voluit
579 423 711 484 Fortuna
733 423 834 485 iocari.

175 507 245 585 quid
267 507 379 568 Romae
400 506 529 569 faciam?
552 508 671 569 mentiri
694 508 812 584 nescio;
835 509 953 583 librum,
1143 566 1152 587 q
1220 571 1224 582 ,

173 591 197 653 si
220 592 315 653 malus
337 602 389 664 est,
413 611 529 672 nequeo
552 594 672 654 laudare
695 603 724 654 et
744 611 884 690 poscere;
907 605 1006 656 motus
1095 579 1131 644 ¹⁸³
1193 590 1234 664 ³¹}

173 687 320 737 astrorum
343 678 466 756 ignorc;
488 680 579 740 lunus
601 677 775 757 promittere
798 679 890 758 patris
1128 689 1133 714 ¹

174 780 230 821 nec
251 761 317 821 volo
341 781 396 823 nec
419 781 556 842 possum3
579 781 719 824 ranarum
742 763 853 825 viscera
877 781 1040 842 numquam

172 845 304 925 inspexi;
327 847 406 908 ferre
428 847 464 908 ad
488 859 611 926 nuptam
634 866 711 926 quae
733 847 823 909 mittit
844 848 968 921 adulter,

173 949 248 1009 quae
270 932 399 1006 mandat,
423 943 536 992 norunt
557 933 621 1007 alii;
645 951 692 992 me
716 951 803 993 nemo
826 933 962 994 ministro

172 1017 221 1076 fur
242 1015 308 1088 erit,
331 1026 419 1095 atque
444 1016 509 1076 iden
533 1016 607 1077 nulli
630 1036 730 1078 comes
752 1037 824 1078 exeo
848 1029 997 1096 tamquam

172 1118 297 1161 mancus
319 1111 348 1160 et
370 1101 527 1175 extinctae,
550 1120 659 1181 corpus
681 1121 743 1162 non
768 1102 847 1175 utile,
871 1102 999 1164 dextrae.

174 1185 241 1264 quis
264 1203 345 1246 nunc
368 1184 498 1264 diligitur
521 1186 577 1247 nisi
600 1187 739 1248 conscius
762 1197 792 1248 et
813 1186 861 1248 cui
883 1189 1001 1249 fervens

172 1275 286 1330 aestuat
309 1270 434 1331 occultis
456 1271 572 1332 animus
593 1289 771 1351 semperque
792 1270 946 1333 tacendis?

174 1354 216 1416 nil
236 1353 289 1415 tibi
312 1373 344 1415 se
367 1354 476 1415 debere
498 1364 590 1435 putat,
614 1356 657 1417 nil
679 1357 815 1417 conteret
836 1375 987 1435 umquam,

173 1438 347 1518 participem
370 1440 421 1518 qui
443 1449 473 1500 te
495 1440 602 1502 secreti
625 1440 695 1502 iecit
716 1441 850 1502 honesti:

172 1542 259 1584 carus
281 1524 337 1585 erit
358 1524 452 1598 Verri,
478 1525 529 1604 qui
551 1526 674 1586 Verrem
696 1537 831 1603 tempore
854 1545 914 1604 quo
934 1527 997 1586 vult

126 1661 138 1682 g
172 1627 311 1668 accusare
334 1619 441 1688 potest.
483 1610 558 1670 tanti
580 1609 633 1670 tibi
657 1629 719 1670 non
741 1610 780 1671 sit
801 1609 886 1689 opaci

78 1688 123 1749 m*
173 1693 271 1754 omnis
293 1693 402 1754 harena
424 1693 496 1772 Tagi
519 1693 659 1773 quodque
681 1693 712 1754 in
735 1712 816 1755 mare
839 1695 964 1755 volvitur
985 1713 1100 1770 aurum,

64 1807 76 1830 e
118 1791 121 1803 ’
173 1789 206 1838 ut
227 1796 333 1838 somno
356 1796 456 1840 careas
478 1778 676 1860 ponendaque
700 1778 831 1858 praemia
849 1798 948 1841 sumas

172 1862 265 1924 tristis
287 1872 317 1923 et
338 1881 354 1922 a
376 1881 484 1942 magno
507 1882 624 1943 semper
647 1863 777 1925 timearis
799 1864 903 1925 amico.

216 1965 292 2026 quae
315 1966 397 2008 nunc
420 1948 558 2010 divitibus
579 1967 654 2029 gens
675 1949 878 2029 acceptissima
903 1949 1021 2022 nostris,

127 2071 145 2117 ι
173 2043 202 2094 et
224 2051 299 2111 quos
321 2033 482 2112 praecipue
504 2033 623 2114 fugiam,
647 2034 815 2113 properabo
837 2035 932 2105 lateri,

174 2137 229 2179 nec
251 2117 348 2196 pudor
370 2118 506 2197 opstahit.
546 2137 605 2178 non
630 2137 751 2197 possum
774 2118 862 2193 terre,
886 2117 1025 2192 Quirites,

121 2213 307 2298 graecam
330 2201 452 2274 urbem;
476 2203 608 2298 quamvis
631 2213 720 2280 quota
742 2204 840 2281 portio
863 2204 952 2265 faecis
973 2202 1106 2266 hehaeil

173 2287 231 2347 iam
255 2285 369 2364 pridem
393 2245 515 2366 sydus
507 2306 537 2346 ιιι
562 2287 692 2348 Tiberim
715 2288 836 2348 defluxit
858 2288 987 2350 Orontes

155 2352 202 2431 et
224 2371 355 2451 linguam
378 2380 408 2432 et
430 2389 529 2432 mores
551 2381 581 2432 et
602 2390 671 2432 oum
693 2371 815 2433 tibicine
838 2372 963 2435 chordas

173 2455 307 2535 obliquas
330 2474 386 2516 nec
408 2475 469 2517 non
491 2457 611 2535 gentilia
633 2469 773 2538 tympana
796 2477 897 2520 secum

172 2542 250 2602 verit
272 2551 302 2603 et
324 2542 358 2602 ad
382 2541 495 2602 circum
517 2542 612 2603 iussas
634 2553 768 2621 prostare
789 2543 911 2622 puellas.

172 2627 221 2700 ite,
245 2627 353 2705 quibus
375 2637 458 2706 grata
480 2635 526 2688 est
547 2627 625 2706 picta
646 2627 717 2705 lupa
739 2627 863 2688 barbara
885 2626 988 2688 mitra:

172 2712 300 2772 rusticus
322 2710 371 2770 ille
393 2721 462 2772 tuus
483 2709 572 2771 sumit
593 2711 796 2790 trechedipna‚
819 2712 954 2786 Quirine,

257 2909 296 2968 43
320 2906 361 2962 his
382 2906 429 2980 qui
449 2907 501 2963 snb
522 2923 617 2964 severo
639 2918 715 2982 patre
734 2918 844 2982 agentes
866 2911 899 2967 de
913 2920 1001 2967 morte
1015 2907 1099 2984 ipsius
1114 2908 1244 2981 cogitant.

257 2995 296 3050 45
311 2990 476 3049 lenocinium
485 3008 610 3050 exercere
624 3009 680 3049 non
695 3009 816 3068 possum.
903 2996 943 3054 46
960 3011 1015 3051 non
1030 3008 1140 3068 possum
1156 3008 1245 3048 asses-

170 3095 217 3135 sor
232 3095 291 3135 esse
305 3077 373 3134 suris
387 3077 492 3134 iudicis
508 3077 577 3134 bene
592 3076 689 3136 adlusit
703 3079 737 3136 de
751 3078 946 3137 consiliaribus
1032 3080 1072 3138 54
1088 3075 1187 3142 nudae,
1203 3077 1246 3133 in·

171 3163 239 3237 quit,
254 3163 357 3220 divitiae
369 3162 436 3219 tanh
448 3162 496 3219 tibi
507 3163 570 3227 sint,
586 3173 618 3221 ut
631 3180 693 3222 eum
707 3164 775 3222 nrala
790 3164 952 3222 conscientia
967 3162 1127 3222 habeantur.
1204 3165 1243 3220 56

170 3249 245 3328 quod
266 3247 402 3349 deponere
424 3246 529 3311 debeas,
551 3248 579 3304 id
600 3257 642 3306 est
662 3248 768 3308 abicere
790 3259 818 3307 et
839 3249 990 3324 neglegere.
1092 3249 1131 3306 60
1155 3243 1245 3304 excla-

168 3334 260 3393 matio.
280 3322 377 3410 ‘porro
407 3318 543 3402 Quirites'.
653 3336 693 3393 62
716 3333 841 3392 fluvius'
834 3350 861 3390 ιιι
885 3334 1025 3392 Antiochia
1047 3334 1167 3396 civitate,
1196 3348 1246 3405 per

169 3437 249 3495 quem
271 3419 354 3494 Syros
382 3417 522 3492 signifieat.
549 3426 581 3476 ut
602 3417 675 3514 Virg.
698 3417 778 3493 [reo.
802 3423 830 3484 8,
855 3413 960 3494 728]
967 3428 995 3477 et
1021 3429 1133 3494 pontem
1153 3416 1246 3489 indig-

169 3515 249 3562 natus
271 3498 392 3562 Araxes‘.
501 3506 539 3563 ot
564 3521 626 3562 ecee
648 3504 674 3559 in
697 3515 827 3578 quantum
848 3504 959 3560 llonrani
981 3504 1075 3562 rustici
1095 3502 1247 3560 didicerunt

169 3590 310 3662 luxuriam,
333 3600 361 3647 et
381 3589 521 3664 palaestris
543 3590 583 3646 uti
605 3599 632 3646 et
652 3589 821 3664 phylacteriis
843 3599 874 3646 ut
894 3588 1009 3645 athletae
1028 3589 1061 3645 ad
1076 3587 1244 3644 vincendum.

169 3676 326 3733 resumenta
352 3674 509 3751 parasitica,
539 3672 581 3731 vel
603 3673 739 3748 galliculas
760 3691 868 3748 graecas
897 3673 1064 3730 currentium
1086 3673 1119 3730 ad
1142 3687 1245 3730 cenam.

257 3865 289 3915 40
307 3861 387 3914 locari
407 3863 428 3913 P
511 3866 543 3916 48
561 3863 686 3916 exstincta
705 3870 730 3914 et
748 3863 836 3915 dextra
854 3857 977 3914 Eramita
1074 3863 1106 3915 58
1126 3876 1193 3912 nunc
1213 3860 1244 3909 I’:

171 3947 222 3984 non
238 3946 256 3996 p
378 3933 409 3982 ot
430 3929 518 3982 achaei
537 3938 568 3981 ω
586 3931 667 3981 aelel.
686 3929 791 3981 lucani
808 3932 824 3981 1
839 3929 904 3984 284:
924 3931 1035 3982 achaeae
1052 3932 1077 3982 P
1089 3929 1137 3980 aad
1152 3943 1245 3993 supar-

169 4001 301 4066 acrt‘ptaam
318 3997 402 4050 achiui
