2792 4444
598 208 732 262 SATVRA
750 209 761 260 l

143 383 185 445 sic
204 375 340 444 “costam
348 381 452 483 longo
475 380 669 443 subduximus
691 369 919 461 Appenninoff’

56 539 63 548 y
136 465 234 528 ‘arma
256 457 426 528 virum'-
448 485 551 528 nonne
572 467 630 527 hoc
652 484 826 545 spumosum
849 474 878 526 et
900 465 1011 528 cortice
1034 468 1148 548 pingui,

142 547 308 615 usraffle
330 560 413 614 vetus
434 552 575 632 vegrandi
597 551 705 614 subere
728 549 867 612 coctum?

140 631 297 742 ‘quidnam
320 637 410 716 igitur
432 645 568 698 tenerum
592 644 622 698 et
643 637 707 698 laxa
731 637 844 698 cervice
867 635 1050 714 legendum?

140 715 248 784 “torva
271 722 466 784 Mimalloneis
487 722 651 801 implerunt
673 739 786 783 cornua
808 720 936 795 bombis,

144 816 173 869 et
194 817 311 888 raptum
333 807 424 869 vitulo
447 818 538 886 caput
558 806 690 868 ablatura
712 805 842 887 superbo

142 892 273 955 Bassaris
296 902 325 953 et
346 893 463 990 lyncem
485 893 603 954 Maenas
625 893 812 953 flexurar
759 890 923 992 copymbis

143 979 253 1040 euhion
276 978 448 1075 ingeminat,
470 977 644 1058 reparabilis
665 977 789 1038 adsonat
810 966 923 1037 echo''.'

142 1065 216 1125 haec
238 1065 354 1138 fierent,
377 1064 400 1124 si
423 1063 550 1124 testiculi
573 1081 646 1124 vena
669 1063 728 1124 ulla
749 1064 868 1142 paterni

90 1235 94 1244 “
142 1253 173 1294 se
193 1237 221 1293 in
242 1252 316 1293 mare
337 1244 364 1292 et
385 1242 526 1309 susceptus
548 1234 581 1291 ab
603 1234 654 1291 illis
675 1235 707 1291 ad
728 1233 792 1292 litus
814 1251 901 1308 usque
922 1233 1071 1308 perductus
1093 1242 1144 1290 est.

229 1320 267 1378 sic
300 1319 385 1377 robur
415 1320 513 1377 latinae
546 1321 702 1377 evitavimus
735 1319 843 1393 linguae
875 1318 1080 1376 intermiscendo
1111 1335 1220 1392 graecas

141 1405 284 1480 glossulas.
401 1407 440 1464 95
465 1405 552 1461 omnia
574 1405 745 1462 heroicorum
774 1405 889 1461 carmina
915 1404 950 1460 ita
978 1403 1035 1460 iere
1056 1412 1121 1460 sunt
1142 1420 1220 1461 com-

141 1491 246 1566 posita,
270 1499 302 1548 ut
322 1491 459 1566 proximus
481 1507 528 1564 pes
550 1489 583 1546 ab
605 1490 700 1546 ultimo
724 1488 844 1564 dactylus
865 1489 913 1553 sit,
938 1488 1055 1562 exceptis
1077 1489 1219 1546 admodum

141 1576 234 1651 paucis
257 1593 326 1650 quos
349 1576 555 1650 spondiazontas
584 1575 735 1650 appellant,
764 1581 795 1630 ut
823 1575 895 1648 apud
917 1573 1068 1630 Cornelium
1092 1573 1220 1631 Severum
1261 1632 1263 1636 ,

135 1656 230 1736 pinea
244 1661 368 1718 frondosi
390 1678 464 1718 coma
485 1669 637 1717 murmurat
652 1653 831 1735 Appennini'.
888 1659 1000 1732 longum
1016 1658 1217 1733 Appenninum,

139 1763 196 1802 non
218 1746 291 1819 quod
313 1763 328 1803 a
350 1763 449 1820 supero
471 1747 538 1802 mari
563 1746 596 1801 ad
618 1745 733 1802 inferum
757 1744 923 1809 extenditur,
947 1744 992 1800 sed
1016 1745 1090 1818 quod
1112 1744 1219 1801 duobus

141 1831 269 1904 spondeis
292 1831 461 1890 terminetur.
576 1831 615 1888 96
639 1847 739 1895 nonne,
763 1830 859 1903 inquit,
882 1830 909 1885 in
931 1829 984 1886 hoc
1006 1838 1048 1886 est
1068 1829 1218 1902 laudandus

141 1914 276 1988 Virgilius,
300 1915 374 1989 quod
395 1915 430 1971 ita
451 1914 629 1971 inchoaverit:
653 1931 724 1970 arma
746 1913 886 1987 virumque
908 1931 985 1970 cano.
1102 1916 1141 1973 99
1165 1914 1218 1971 mi-

140 1999 270 2057 mallones
292 1999 428 2057 ministrae
449 1998 538 2056 Liberi
558 1999 641 2074 patris
664 2000 749 2055 dietae
771 1992 914 2060 ἀπὸτοῦ
935 2003 1115 2076 μιμεῖσθαι,
1146 2001 1219 2073 quod

142 2084 311 2142 imitarentur
332 2084 451 2142 furorem
473 2083 561 2142 hiberi
584 2084 721 2159 [scholion
745 2082 965 2140 Galltmaoheom
985 2084 1025 2154 [r.
1048 2083 1133 2158 401].

227 2170 255 2226 hi
277 2188 370 2228 versus
392 2169 505 2227 Neronis
527 2179 602 2226 sunt.
689 2169 834 2227 Galandrus
855 2169 1021 2243 illyricorum
1045 2185 1092 2224 rex
1113 2169 1147 2225 ad
1161 2169 1219 2225 lla-

143 2255 280 2312 cedoniam
304 2272 365 2312 cum
388 2255 505 2312 exercito
526 2257 609 2311 venit.
660 2255 699 2311 illi
729 2271 789 2311 cum
818 2270 939 2328 magnam
962 2262 1064 2328 partem
1087 2255 1219 2311 exercitus

143 2355 199 2396 non
226 2338 370 2403 haberent,
399 2339 529 2412 plurimas
554 2339 679 2396 mulieres
709 2339 848 2396 cothurnis
877 2347 904 2395 et
933 2339 1031 2414 thyrsis
1058 2339 1087 2396 in
1108 2339 1217 2398 modum

141 2423 303 2481 baccharum
326 2431 499 2481 ornaverunt.
543 2421 582 2478 illi
603 2424 743 2480 credentes
771 2423 917 2479 exercitum
945 2424 1086 2480 adventare
1117 2425 1219 2482 disces-

142 2517 247 2566 serunt.
342 2507 468 2565 dicuntur
491 2515 519 2564 et
540 2505 722 2564 bombisonae.
766 2505 882 2563 bombus
904 2515 992 2563 autem
1015 2524 1113 2564 raucus
1135 2526 1219 2565 sonus

143 2603 187 2651 est
207 2592 335 2650 tubarum
356 2610 407 2650 nec
429 2592 503 2649 valde
525 2602 630 2649 acutus.
716 2591 831 2648 Mimallo
855 2591 953 2648 dicitur
971 2591 1098 2648 Bacchus.
1161 2593 1219 2667 ipse

141 2679 251 2736 Persius
272 2677 349 2734 finxit
370 2679 421 2735 hos
443 2695 536 2734 vorsus
565 2677 591 2733 in
621 2676 734 2734 aliorum
756 2676 944 2742 imitationem,
975 2694 1092 2751 quorum
1119 2679 1218 2752 scripta

142 2780 241 2821 sonum
263 2764 391 2838 grandem
411 2762 521 2828 habent,
544 2779 653 2820 sensum
675 2763 790 2819 nullum.
915 2765 973 2822 100
998 2771 1024 2819 et
1045 2773 1153 2838 raptum
1175 2764 1218 2820 vi-

143 2848 213 2906 tulo.
257 2848 405 2905 Pentheum
428 2847 559 2921 significat
581 2851 689 2922 hgauae
710 2858 738 2905 et
759 2847 882 2904 Echionis
904 2847 1003 2913 filium,
1026 2848 1073 2922 qui
1093 2849 1218 2914 Literna

142 2941 246 3009 patrem
275 2933 390 3008 negabat
419 2934 514 2998 deum,
549 2950 629 3007 quem
657 2941 742 2990 mater
762 2932 860 2989 Libero
890 2931 1001 2989 iaciente
1028 2932 1078 2989 sub
1105 2932 1218 3008 imagine

141 3017 219 3074 vituli
240 3019 388 3075 trucidavit.
522 3021 579 3076 101
605 3017 754 3074 Bassarides
777 3034 869 3074 omnes
898 3017 1014 3074 bacchae
1036 3019 1122 3076 dictae
1143 3027 1216 3085 sunt,

137 3103 192 3158 'sed
214 3112 241 3160 et
261 3103 318 3178 ipse
332 3102 412 3160 Liber
433 3113 510 3176 pater
531 3102 564 3159 ab
588 3121 619 3160 ea
640 3111 714 3159 veste
730 3102 805 3158 talari
822 3118 873 3176 qna
888 3103 983 3167 utitur,
1009 3120 1087 3175 quam
1104 3104 1217 3161 Thraces

142 3185 264 3243 bassarin
285 3197 392 3245 vocant.
429 3189 535 3262 quidam
558 3204 573 3243 a
595 3186 727 3262 vulpibus,
751 3204 865 3260 quarum
886 3186 1000 3261 pellibus
1023 3187 1137 3247 bacchae
1152 3206 1217 3250 sure

144 3271 301 3344 cinguntur.
344 3271 437 3346 vulpes
459 3273 573 3329 Thraces
600 3272 723 3329 bassares
751 3273 852 3329 dicunt.
959 3271 1023 3347 lynx
1052 3284 1093 3331 est
1121 3273 1217 3330 animal

142 3356 240 3414 Libero
256 3365 450 3424 consecratum,
473 3359 544 3431 quod
568 3358 659 3415 currui
675 3358 731 3415 eius
746 3355 967 3430 subiungebatur.
1079 3363 1136 3418 103
1152 3359 1218 3414 haec

142 3441 248 3500 fierent.
272 3442 347 3516 quasi
368 3441 529 3516 increpantis
557 3443 646 3499 verba.
733 3442 760 3499 id
787 3452 836 3508 est,
866 3442 925 3498 talia
954 3452 1075 3516 poemata
1104 3460 1118 3499 a
1147 3459 1216 3517 quo·

229 3625 261 3676 95
281 3621 324 3674 Sic
341 3621 439 3672 scheda
456 3622 534 3675 Bod.:
554 3622 579 3674 Si
600 3625 655 3674 ot>
733 3625 766 3676 96
784 3622 879 3674 cortice
897 3623 960 3673 PA:
978 3622 1115 3674 uerticeB
1149 3651 1151 3654 ·
1183 3627 1214 3676 91

143 3691 266 3756 negrandi
284 3692 437 3756 Porphyrio
455 3690 519 3743 Hor.
542 3695 591 3742 sot.
615 3693 632 3741 I
651 3691 683 3756 2,
709 3691 773 3742 429:
798 3690 947 3756 praegrandi
967 3692 1022 3742 αΡ
1121 3693 1154 3744 99
1173 3693 1216 3742 hic

143 3774 238 3809 uersus
249 3757 334 3812 Torua
347 3757 513 3810 Mimalloniis
530 3759 634 3810 inflatur
651 3759 713 3810 tibia
732 3759 833 3810 bombis
851 3761 924 3808 inter
942 3757 1114 3824 Vergilianus
1132 3759 1215 3810 etPa-

144 3829 273 3878 cociones
290 3832 321 3878 ut
338 3826 487 3891 exemplum
504 3843 599 3877 uersus
618 3831 710 3877 teretis
728 3825 854 3888 adfertur
872 3827 944 3892 apud
955 3824 1109 3882 Diomedem
1124 3843 1151 3892 p.
1164 3827 1214 3879 499

213 3892 322 3946 Toruam
341 3893 460 3946 mellonis
479 3893 603 3946 otl'orba
621 3895 718 3946 mimal·
736 3895 845 3945 Prodi
864 3912 898 3945 ecc
916 3911 986 3946 corr.
1043 3930 1044 3936 ,
1091 3897 1136 3946 101
1159 3895 1216 3961 lyn-

142 3963 189 4016 ede
207 3962 306 4014 Plicet
324 3969 347 4013 α
418 3962 538 4030 corimpis
557 3969 580 4014 α
