2792 4444
604 144 707 200 PERSll
725 145 801 198 VlTA

218 451 306 514 VlTA
328 453 361 514 A.
386 453 511 515 PERSll
534 452 668 515 FLACCl
690 452 740 514 DE
764 449 1043 515 conduratam
1067 451 1182 514 Phoar

524 537 678 600 VALERll
701 536 871 600 SVBLATA

249 657 341 718 Aulus
363 656 482 719 Persius
504 657 627 719 Flaccus
650 665 737 718 natus
765 666 810 718 est
831 656 926 736 pridie
949 674 1045 718 nonas
1067 656 1238 718 Decembris

41 717 100 816 il
164 741 255 803 Fabio
279 741 398 803 Persico
421 740 454 803 L.
477 741 593 804 Vitellio
616 761 692 804 coss.
716 742 842 804 decessit
864 740 930 801 Vlll
952 741 1093 804 kalendas
1115 742 1238 803 Decem·

64 835 140 934 p-,l
164 827 226 888 bris
248 827 281 887 P.
303 827 395 888 llario
418 827 515 888 Afinio
538 827 619 890 Gallo
643 847 719 890 coss.
1262 829 1277 877 5

250 921 336 974 natus
358 912 388 972 in
412 912 530 974 Etruria
548 913 714 1038 lpolaterris,
737 931 829 991 eques
851 911 1018 985 Romanus,
1041 911 1187 991 sanguine
1209 920 1239 972 ct

164 998 307 1060 affinitate
330 997 417 1076 primi
440 998 554 1060 ordinis
576 999 647 1062 viris
669 998 858 1060 coniunctus.
895 995 1021 1060 decessit
1043 997 1080 1060 ad
1102 1006 1237 1062 octamm

164 1083 320 1144 miliarium
344 1083 388 1144 via
411 1082 505 1162 Appia
528 1084 558 1144 in
583 1083 711 1162 praediis
732 1083 802 1146 suis

258 1175 344 1247 pater
365 1185 432 1228 eum
456 1163 603 1252 [Flaccus]
628 1167 773 1249 pupillum
797 1167 917 1247 reliquit
938 1167 1070 1230 moriens
1090 1183 1237 1230 annorum

163 1253 227 1313 lere
248 1271 309 1313 sex.
332 1252 432 1313 Fulvia
454 1252 590 1316 Sisennia
613 1254 715 1334 nupsit
742 1262 845 1333 postea
866 1253 955 1315 Fusio
984 1252 1076 1331 equiti
1104 1250 1238 1312 Romano
1262 1251 1292 1301 10

164 1346 194 1398 ct
216 1356 285 1399 enm
307 1356 427 1417 quoque
450 1339 553 1399 extulit
576 1340 652 1399 intra
675 1356 787 1419 paucos
810 1357 915 1400 annos.

249 1422 362 1484 studuit
376 1423 499 1485 Flaccus
514 1443 609 1503 usque
624 1425 659 1485 ad
675 1441 787 1485 annum
803 1423 856 1484 ΧΠ
871 1423 973 1486 aetatis
987 1441 1058 1485 suae
1069 1421 1237 1496 Volaterris,

163 1508 233 1569 inde
265 1508 377 1569 Romae
410 1509 488 1588 apud
520 1510 744 1587 grammaticum
774 1509 940 1570 Remmium
971 1508 1176 1569 Palaemonem
1209 1515 1238 1566 et

164 1593 243 1673 apud
264 1594 412 1654 rhetorem
436 1592 607 1672 Verginium
631 1594 762 1655 Flavum.

250 1696 318 1739 cuna
341 1687 418 1739 osset
440 1695 589 1740 annorum
603 1678 678 1752 XVI,
701 1678 827 1740 amicitia
850 1679 949 1758 coepit
970 1678 1013 1738 uti
1035 1677 1150 1738 Annaei
1165 1674 1237 1737 Cor·
1261 1673 1289 1724 1⁵

166 1761 230 1823 nuti
252 1762 292 1822 ita
322 1773 355 1822 ut
383 1781 529 1841 nusquam
556 1763 592 1824 ab
616 1782 652 1824 eo
675 1763 848 1826 discederet.
891 1764 1031 1825 inductus
1053 1762 1338 1863 aliquatenusfffl

164 1849 194 1908 in
218 1847 434 1928 philosophiam
458 1857 510 1910 cst.
1046 1847 1161 1876 ‘'⁸''

248 1933 359 1995 amicos
369 1933 472 1994 hahuit
484 1952 499 1994 a
511 1934 605 2014 prima
623 1933 821 1996 adulescentia
833 1932 967 1995 Caesium
979 1932 1101 1994 Bassum
1120 1943 1238 2012 poetam

163 2027 193 2078 et
215 2017 408 2098 Calpurnium
431 2019 589 2092 Staturam,
612 2020 663 2097 qui
685 2020 749 2080 vivo
773 2038 808 2080 co
831 2019 944 2080 iuvenis
967 2018 1102 2079 decessit.
1147 2017 1238 2078 coluit

163 2111 197 2163 ut
218 2113 332 2182 patrem
348 2103 503 2165 Servilium
519 2104 697 2165 Nonianum.
735 2104 874 2182 cognovit
895 2121 950 2184 per
965 2102 1129 2164 Cornutum
1149 2102 1236 2162 etiam
1260 2099 1290 2149 20

162 2189 318 2249 Annaeum
333 2189 487 2249 Lucanum
509 2207 691 2268 aequaevum
712 2189 877 2250 auditorem
899 2188 1031 2250 Cornuti.
1069 2189 1148 2262 [nam
1164 2185 1236 2248 Gor-

164 2283 255 2334 nutus
278 2273 328 2333 illo
351 2281 485 2352 tempore
502 2275 631 2353 tragicus
647 2275 703 2335 luit
717 2285 815 2336 sectae
831 2275 973 2354 poeticae,
997 2272 1048 2352 qui
1063 2272 1155 2333 libros
1169 2271 1235 2351 phi-

163 2357 316 2437 losophiae
332 2357 459 2437 reliquit.
496 2359 558 2436 sed]
573 2359 713 2421 Lucanus
729 2359 890 2420 mirabatur
910 2361 983 2420 adeo
1003 2358 1113 2437 scripta
1129 2357 1236 2429 Flacci,

163 2451 197 2504 ut
217 2442 264 2504 vix
286 2463 318 2505 se
341 2444 484 2506 retineret
506 2446 651 2506 recitante
674 2463 709 2505 eo
732 2444 768 2505 de
791 2463 874 2506 more
906 2445 977 2523 quin
1006 2443 1055 2504 illa
1082 2462 1146 2504 esse
1167 2460 1235 2501 vera

162 2537 306 2608 poemata,
328 2547 381 2590 sua
404 2530 489 2591 ludos
504 2530 624 2591 diceret.
647 2548 715 2591 sero
731 2531 870 2608 cognorit
884 2540 913 2590 et
930 2530 1082 2599 Senecam,
1105 2527 1157 2587 sed
1174 2545 1235 2586 non
1259 2524 1288 2574 25

162 2622 196 2674 ut
217 2623 375 2694 caperetur
397 2615 460 2675 eius
481 2615 613 2693 ingenio.
659 2633 730 2675 usus
753 2622 797 2676 est
819 2616 898 2695 apud
920 2613 1085 2674 Cornutum
1106 2611 1235 2671 duorum

163 2698 299 2759 convictu
317 2698 555 2760 doctissimorum
576 2708 606 2759 et
626 2699 879 2762 sanctissimorum
895 2699 1024 2759 virorum
1041 2695 1147 2757 acriter
1162 2704 1235 2757 tunc

161 2781 450 2862 philosophantium,
487 2784 588 2845 Claudi
618 2784 781 2864 Agathurni
816 2785 922 2847 medici
950 2781 1175 2844 Lacedaemonii
1207 2789 1236 2841 et

247 2951 262 3000 3
282 2949 361 3002 Aules
379 2949 443 3001 ttort
526 2954 543 3004 4
561 2950 660 3003 uitellio
680 2965 711 3003 ne
730 2951 796 3002 titre·
881 2955 896 3003 5
915 2949 1007 3001 Pahlio
1025 2949 1144 3014 Lipsiau:
1162 2948 1236 3000 rubin

161 3017 206 3068 uel
221 3019 309 3070 rubrio
327 3018 392 3070 libri
459 3019 541 3071 asinio
559 3020 624 3070 libri
640 2967 679 3080 οἱ
695 3018 771 3070 Klein
788 3018 921 3080 fastorum
939 3033 1010 3068 conr.
1023 3031 1052 3081 p.
1070 3015 1104 3066 39

247 3090 262 3138 9
281 3087 388 3139 Flaccus
404 3087 501 3139 seclusi
571 3091 601 3140 10
625 3102 653 3138 se
676 3088 760 3153 ipsum
779 3085 881 3138 Persius
905 3082 1033 3151 significat
1052 3083 1191 3135 secessisse
1209 3084 1233 3134 in

162 3153 278 3218 Liguriae
295 3152 361 3206 fines
379 3160 484 3221 propter
495 3154 611 3208 Fuluiam
624 3154 766 3208 Sisenniam
785 3158 890 3206 matrem
909 3167 990 3216 snam,
1007 3165 1073 3219 quae
1091 3158 1152 3219 post
1169 3167 1235 3204 mor·

163 3226 213 3272 tem
232 3221 324 3286 prioris
341 3222 389 3274 uiri
406 3223 443 3274 ibi
461 3229 540 3289 nupta
563 3228 617 3276 erat
638 3224 720 3276 schol.
740 3226 764 3287 6,
782 3225 798 3275 6
906 3220 988 3273 luscio
1013 3221 1058 3270 uel
1074 3220 1158 3273 ruacio
1178 3223 1236 3284 qui-

162 3289 224 3340 dam
242 3290 306 3340 libre·
375 3291 407 3344 ta
425 3290 491 3342 hanc
514 3292 616 3343 satiram
635 3292 724 3343 scribit
742 3291 845 3343 Persius
862 3289 895 3342 ad
913 3289 1030 3342 Caesium
1048 3288 1156 3340 Bassum
1173 3287 1235 3354 lyri-

162 3357 996 3492 tttt‘tthutztttlttatttlt¹ttl¹ttltt⁰tltt
1013 3357 1128 3478 {llll}
1147 3357 1233 3476 '‘P“

1129 3461 1136 3486 l

247 3495 279 3546 20
298 3499 327 3545 nt
339 3509 390 3546 om.
403 3494 468 3545 libri
514 3496 652 3563 alloquitur
670 3494 819 3560 Macrinum,
837 3497 966 3548 hominem
983 3508 1046 3546 sane
1064 3493 1190 3546 eruditum
1208 3495 1235 3542 et

161 3564 268 3626 paterno
286 3577 314 3613 se
339 3561 431 3614 allecta
456 3561 619 3630 diligentem,
646 3564 690 3629 qni
712 3563 738 3614 in
764 3564 841 3616 domo
860 3562 961 3616 Seruilii
985 3561 1123 3626 didicerat,
1150 3573 1234 3627 aquo

162 3629 273 3694 agellum
292 3637 484 3695 comparauerat
501 3632 602 3684 indulto
619 3631 669 3684 sibi
686 3633 770 3696 pretio
783 3632 916 3698 aliquanto
928 3630 1010 3681 eolat.
1023 3631 1074 3692 2,1
1129 3630 1160 3681 21
1175 3643 1233 3680 nam

161 3725 195 3734 -
213 3699 244 3749 23
264 3696 309 3749 aed
326 3703 442 3750 secreuit
459 3700 591 3765 Bargltlue
660 3700 693 3750 22
711 3700 892 3764 grammaticus
910 3697 1057 3748 Mat-tiniae
1137 3697 1233 3748 stoicae

161 3765 288 3816 Pithoeus
357 3768 390 3819 24
408 3768 534 3821 recitante
551 3769 661 3822 clamore
680 3782 745 3832 quae
763 3767 807 3818 illa
826 3767 897 3818 libri.
917 3769 971 3816 iam
988 3767 1081 3814 uerius
1094 3769 1162 3830 puto
1181 3763 1234 3815 tale

162 3833 285 3886 recitante
302 3832 369 3886 Mela
387 3842 460 3902 patre
543 3838 575 3888 25
594 3851 642 3888 suo
660 3833 722 3884 ludo
741 3835 835 3886 laceret
854 3834 917 3884 libri
995 3834 1027 3885 28
1046 3832 1172 3897 agatnrini
1191 3832 1236 3882 uel

162 3903 298 3968 agatnrrini
317 3902 394 3954 libri:
412 3902 577 3969 Agathemeri
595 3901 734 3952 detherius
751 3902 873 3967 Agathini
893 3902 1015 3952 Oceanus
