2804 4442
127 55 431 166 alienasset
505 21 755 103 onam
787 25 1019 117 am,

122 116 132 156 b
314 122 318 140 ¹
397 119 401 146 ι
951 123 953 128 ,

517 250 610 304 LIBER
628 253 638 306 l
673 252 804 307 SATVRA
821 255 852 307 ill

151 425 307 486 dissimiles
328 423 414 484 veris.
438 433 549 502 quanto
572 425 759 502 praesentius
781 438 858 488 esset
1356 481 1362 506 ,

151 528 263 570 niimen
287 510 380 606 aquis,
402 508 487 568 viridi
509 507 533 568 si
555 510 689 588 margine
712 510 844 572 eluderet
866 512 960 574 undas
1209 542 1217 558 ι
1294 495 1351 594 ᾭ

150 595 243 655 herba
266 612 323 656 nee
346 595 509 672 ingenuum
531 593 676 654 violarent
697 613 842 657 marmora
864 600 968 659 tolum.
1193 613 1222 663 20
1242 581 1340 675 lehis*

194 679 243 740 hie
264 689 338 740 tune
361 678 526 739 Vmbricius
545 671 678 756 ‘quando
702 672 828 742 artibus’
854 679 952 760 inquit
969 676 1115 746 ‘honestis
1248 675 1358 755 1⁹st

152 764 282 824 nullus
274 784 304 824 ιιι
328 763 404 824 urbe
426 763 518 836 loeus,
542 763 621 823 nulla
645 764 845 826 emolumenta
866 767 1011 843 laborum,
1279 791 1296 813 ‹·
1320 797 1354 853 ,a

151 867 199 910 res
222 849 308 909 hodie
331 848 430 908 minor
452 856 504 925 est,
527 848 600 908 here
623 867 711 945 quam
733 850 797 924 fuit,
820 861 908 930 atque
932 854 1032 914 eadem
1056 873 1120 916 eras
1172 849 1312 938 ΛΡΝ

152 935 266 995 deteret
288 933 401 1020 exiguis
423 933 542 1011 aliquid,
564 934 762 1013 proponimus
784 935 854 997 illue
1191 961 1193 968 ·
1276 995 1291 1020 ι,
1319 933 1330 956 ““

152 1015 206 1091 ire,
230 1019 270 1079 lat
241 1019 362 1098 atigatas
384 1017 435 1079 ubi
458 1017 601 1079 Daedalus
623 1018 704 1079 exuit
725 1020 793 1094 alas,
1195 1017 1275 1083 25⁴⁹*

151 1104 223 1164 dum
246 1122 320 1163 nova
344 1103 474 1175 canities,
498 1104 567 1162 dum
590 1103 685 1181 prima
708 1115 737 1164 et
758 1115 838 1166 reeta
861 1115 1007 1181 seueetuS,

152 1188 221 1248 dum
245 1197 381 1268 superest
402 1187 525 1249 Laehesi
548 1187 627 1266 quod
649 1197 796 1267 torqueat,
819 1191 994 1269 etpedibus
1016 1210 1063 1252 me

152 1284 240 1351 porto
263 1273 336 1334 meis
359 1267 447 1334 nullo
463 1274 593 1333 dextram
618 1272 764 1334 subeunte
786 1273 902 1336 haeillo.

153 1358 292 1418 cedamus
314 1358 415 1437 patria.
460 1358 558 1418 vivant
579 1357 714 1418 Artorius
735 1359 801 1419 istie
880 1419 882 1422 ,
1278 1419 1281 1434 ,
1359 1415 1367 1441 ,

153 1453 182 1502 et
205 1443 333 1515 Catulus,
356 1452 496 1503 maneant
518 1442 568 1520 qui
591 1442 709 1521 nigrum
733 1443 763 1503 in
788 1443 910 1504 eandida
932 1453 1060 1518 vertunt,
1094 1441 1154 1523 [Ν
1196 1455 1253 1528 ab„
1284 1475 1300 1533 ,ἱ
1325 1461 1351 1522 ς’

153 1528 219 1605 quis
241 1528 325 1589 faeile
348 1537 392 1589 est
414 1528 515 1588 aedem
538 1527 707 1609 conducere
729 1527 851 1588 flumina
873 1538 987 1612 pentus,
1022 1513 1081 1578 tta·
1235 1517 1254 1537 ⁰
1318 1529 1322 1538 “

154 1612 321 1674 sieeandam
346 1613 479 1692 eluviem,
502 1613 682 1692 portandum
704 1614 740 1673 ad
763 1613 849 1674 busta
872 1613 1003 1687 cadaver,

154 1707 183 1757 et
204 1697 348 1776 praehere
372 1707 461 1776 eaput
482 1698 603 1758 domina
625 1698 727 1758 venale
749 1698 804 1760 sub
827 1699 919 1759 hasta.

154 1781 303 1878 quondam
327 1781 356 1841 hi
379 1781 548 1842 eornieines
571 1791 600 1841 et
621 1783 809 1861 municipalis
831 1783 959 1844 harenae

153 1868 290 1944 perpetui
313 1866 437 1926 comites
460 1875 608 1943 notaeque
629 1884 684 1944 per
707 1867 812 1944 oppida
838 1865 958 1941 bneeae,

153 1968 278 2011 munera
302 1969 384 2011 nune
407 1949 501 2020 edunt
522 1959 551 2010 et
573 1967 658 2010 verso
681 1949 788 2029 pollice
810 1951 915 2028 vulgus

72 2044 221 2152 &teum
193 2018 334 2109 iubet,
359 2034 499 2097 oeeidunt
520 2034 721 2115 populariter3
744 2035 813 2095 inde
836 2035 946 2096 reversi

38 2082 334 2244 &pascendueunt
350 2121 466 2210 lorieas,
490 2130 519 2180 et
542 2139 596 2181 eur
620 2118 704 2181 non?
728 2121 828 2180 omnia
850 2139 918 2180 eum
941 2119 1009 2194 sint,

81 2203 255 2283 quales
278 2225 314 2266 ex
335 2190 439 2266 humili
463 2223 568 2284 magna
591 2207 626 2266 ad
651 2205 763 2284 fastigia
786 2224 884 2267 rerum

1220 1552 1227 1570 ἱ

1173 1549 1288 1615 ,‘·“r'''

242 2344 278 2400 18
302 2343 364 2416 quia
392 2359 447 2400 nou
477 2353 553 2399 eraut
575 2342 724 2407 naturaleS,
755 2343 801 2398 sed
823 2359 903 2398 manu
925 2341 1021 2398 laetae.
1043 2351 1144 2415 quanto
1167 2359 1227 2398 ure-

152 2426 204 2483 lius
227 2435 311 2492 esset,
343 2427 365 2482 si
387 2437 481 2484 natura
503 2443 549 2482 sua
574 2419 663 2483 es'seut
691 2427 823 2500 nymphae
844 2442 925 2499 quam
946 2425 1123 2481 marmoribus
1146 2443 1227 2482 exor-

153 2521 231 2568 natae
252 2520 280 2568 et
300 2509 420 2585 pollutae
441 2511 616 2584 allagitiosis
637 2509 799 2566 hominibus.
911 2510 950 2566 23
973 2526 1016 2565 res
1038 2509 1119 2564 hodie
1140 2509 1228 2566 minor

154 2605 203 2652 est
226 2596 397 2671 pauperibus.
422 2597 455 2652 de
476 2596 535 2670 ipsa
557 2613 637 2671 parva
658 2595 709 2650 iam
733 2595 862 2652 deminuit
884 2593 992 2667 aliquid.
1116 2595 1155 2653 29
1179 2611 1229 2668 per

153 2682 291 2738 arterium
307 2690 334 2738 et
348 2681 471 2738 Catulum
493 2680 624 2756 ignobiles
647 2689 674 2737 et
695 2679 820 2736 sordidos
843 2689 871 2736 et
892 2679 967 2735 malis
988 2677 1089 2734 artibus
1110 2679 1228 2736 viventes

153 2765 275 2822 homines
298 2765 355 2822 vult
376 2765 505 2840 intellegi,
530 2766 577 2840 qui
598 2783 631 2822 ex
652 2764 767 2822 sordidis
790 2763 870 2822 rebus
894 2765 987 2821 divites
1009 2772 1074 2820 sunt
1096 2763 1169 2821 laeti.

240 2854 277 2909 31
297 2861 327 2906 ut
341 2851 487 2926 publicani.
583 2852 622 2908 32
638 2850 765 2906 eloacam.
851 2850 898 2924 qui
911 2849 1003 2906 loeant
1016 2866 1046 2904 se
1062 2858 1093 2906 ut
1107 2859 1228 2907 mortuos

152 2944 273 3009 portent.
417 2937 455 2993 33
480 2936 526 3010 qui
548 2946 662 3008 possunt
684 2952 699 2991 a
720 2935 785 2991 fiseo
807 2934 885 2991 vendi
907 2934 983 3008 quasi
1005 2931 1140 2991 debitores
1162 2934 1227 2991 fisei.

240 3023 280 3078 34
303 3021 453 3077 eornieines
474 3020 665 3095 symphoniaci.
778 3018 896 3093 parasiti.
918 3027 965 3075 aut
985 3017 1163 3092 gladiatorum
1184 3028 1231 3075 aut

153 3113 310 3160 venatorum
339 3107 449 3162 comites
476 3105 590 3162 luerunt
616 3121 710 3161 eorum
738 3104 784 3178 qui
811 3105 837 3160 in
859 3103 1010 3177 municipiis
1031 3112 1228 3178 pugnaverunt,

154 3204 209 3244 non
232 3189 259 3243 in
281 3187 358 3245 urhe.
447 3192 486 3249 36
509 3191 543 3246 ab
566 3189 607 3245 his
628 3189 746 3262 populus
769 3189 914 3252 oeeiditur,
938 3205 1007 3264 quos
1028 3198 1090 3247 ante
1111 3191 1230 3266 populus

152 3271 269 3337 iubebat,
293 3271 320 3328 id
342 3282 384 3330 est
404 3274 552 3349 imperabat
573 3273 666 3331 occidi.
757 3276 796 3332 38
819 3284 947 3340 stercora,
970 3274 1023 3330 hoe
1045 3287 1086 3332 est
1107 3274 1230 3348 vectigal.

153 3357 238 3416 lorire
265 3368 307 3415 est
334 3375 385 3432 pro
414 3359 561 3416 deonerare
589 3368 725 3424 ventrem,
757 3358 840 3416 lorire
862 3359 931 3416 enim
961 3360 1033 3416 laras
1063 3359 1157 3417 eicere.
1186 3359 1230 3416 alii

153 3444 278 3500 tabernas
301 3443 394 3500 dieunt
415 3443 476 3500 loro
498 3445 597 3501 vieinas
619 3454 666 3501 aut
686 3444 799 3518 vectigal
821 3444 960 3500 vinarium.
1092 3446 1130 3503 39
1154 3439 1230 3506 α’να-

154 3521 329 3590 abbendon.
351 3529 439 3586 dieere
461 3538 524 3586 aute
546 3528 639 3587 debuit
653 3522 747 3586 ‘tales'
769 3538 796 3585 et
817 3530 856 3586 sie
872 3523 1000 3603 ‘quales’.

242 3659 272 3710 ts
291 3659 450 3723 praesentius
471 3659 628 3724 Grengaeus
652 3664 679 3708 et
695 3658 859 3709 NHoinee'er:
878 3671 923 3724 pra
942 3661 1029 3709 cetera
1047 3675 1124 3710 erasa
1135 3661 1160 3711 P
1174 3677 1230 3726 pre-

156 3724 266 3774 stantius
279 3733 339 3806 pw
416 3730 447 3779 19
466 3742 532 3793 aque
548 3744 566 3792 p
646 3728 676 3778 21
696 3725 920 3790 trineptem-p
1000 3728 1033 3779 24
1051 3726 1161 3791 Deteret]
1179 3736 1230 3781 ·ret

155 3791 255 3857 exiguis
273 3796 303 3842 in
322 3793 407 3844 litura
423 3797 554 3860 ampliore
572 3796 596 3844 P
610 3793 707 3845 Deterit
724 3796 880 3844 Priscianus
898 3792 974 3845 GLK.
992 3794 1076 3860 lllp.
1096 3796 1126 3847 7l

224 3861 256 3911 32
275 3859 423 3912 Sieeandam
442 3862 538 3914 luuiem
556 3863 580 3911 Ρ
594 3861 722 3914 Sieeanda
740 3860 850 3913 eluuiem
867 3877 885 3926 p
990 3864 1020 3915 37
1040 3863 1102 3915 (lum
1120 3863 1193 3916 iubet
1209 3866 1234 3916 P

155 3925 236 3987 Quem
248 3926 354 3993 luhetp
437 3932 468 3982 38
489 3932 589 3997 porieas
606 3933 705 3996 spirite
722 3933 786 3982 onte
803 3944 819 3980 o
837 3929 1012 3995 mperaddito
1031 3932 1055 3981 Ρ
1146 3935 1230 3982 eonti-

152 3997 275 4046 enatant
291 4011 342 4047 non
361 3996 462 4048 omnia?

205 4095 295 4140 itum
1009 4083 1025 4131 6
