2804 4442
193 206 233 266 78
645 205 820 260 lvvcltaus

192 380 288 459 primo
310 381 373 442 sole
396 379 468 440 mihi
490 381 693 458 peragendum
716 378 746 439 in
770 379 842 438 valle
866 371 1001 450 Quirini?

192 483 266 544 quae
290 484 377 527 causa
400 462 511 526 oflicii?
530 457 614 542 ‘quid
638 461 776 543 quaeris?
799 463 885 524 nubit
907 465 1020 526 amicus

192 569 249 613 nec
271 551 380 612 multos
402 539 537 611 adhibet.²
586 549 672 610 liceat
695 550 783 609 modo
807 550 919 610 vivere:
942 550 1024 624 fient,
1223 561 1265 611 111

191 636 264 696 fient
286 636 339 697 ista
363 635 469 714 palam,
493 635 616 715 cupient
638 643 668 694 et
690 634 719 694 in
743 643 809 694 acta
832 635 945 695 referri.

191 720 303 781 interea
325 728 507 781 tormentum
531 721 638 797 ingens
661 719 846 780 nubentibus
867 719 979 791 haeret,

191 807 270 884 quod
295 814 445 884 nequeant
466 824 572 884 parere
595 813 625 866 et
646 813 732 884 partu
755 805 885 865 retinere
908 805 1038 866 maritos.

190 892 242 952 sed
264 891 378 964 melius,
403 891 481 968 quod
504 890 548 950 nil
569 890 676 951 animis
698 890 728 950 in
752 907 878 968 corpora
902 889 975 951 iuris

191 984 295 1036 natura
319 975 467 1055 indulget:
491 975 606 1036 steriles
629 975 807 1048 moriuntur,
831 984 860 1034 et
882 974 939 1035 illis

189 1061 306 1139 turgida
329 1079 390 1121 non
414 1060 536 1139 prodest
558 1060 677 1122 condita
700 1059 806 1139 pyxide
829 1059 917 1139 Lyde,

190 1164 246 1206 nec
268 1147 390 1225 prodest
412 1145 479 1224 agili
502 1145 614 1224 palmas
637 1145 779 1223 praebere
802 1145 935 1224 luperco.

188 1231 257 1291 vicit
280 1239 309 1292 et
330 1232 388 1293 hoc
410 1239 578 1292 monstrum
601 1229 725 1290 tunicati
749 1228 863 1291 fuscina
887 1229 1021 1302 Gracchi,

187 1316 379 1395 lustravitque
401 1317 469 1394 fuga
492 1315 618 1376 mediam
641 1314 784 1394 gladiator
804 1316 947 1375 harenam

188 1410 219 1462 et
241 1401 413 1480 Capitolinis
435 1401 611 1478 generosior
632 1410 662 1461 et
684 1401 828 1461 Marcellis

187 1495 218 1547 11
240 1486 333 1548 Catuli
356 1486 498 1565 Paulique
520 1485 688 1548 minoribus
711 1494 741 1545 et
762 1485 861 1546 Fabiis
883 1493 914 1545 et
1023 1535 1026 1540 .

188 1572 326 1633 omnibus
348 1571 384 1631 ad
407 1572 527 1649 podium
551 1571 763 1650 spectantibus,
786 1570 832 1630 bis
854 1570 924 1630 licet
945 1570 1042 1650 ipsum

186 1657 341 1717 admoveas
363 1656 448 1717 cuius
469 1664 543 1716 tuuc
565 1674 690 1717 munere
712 1656 784 1716 retia
807 1654 895 1719 misit.

231 1759 295 1802 esse
319 1741 433 1819 aliquos
455 1758 559 1802 manes
581 1749 611 1800 et
632 1740 826 1802 subterranea
849 1757 940 1818 regna

186 1834 216 1885 et
239 1833 362 1886 contum
385 1834 414 1886 et
436 1825 537 1905 Stygio
560 1844 646 1887 ranas
669 1827 700 1886 in
724 1827 840 1905 gurgite
864 1826 964 1903 nigras
1219 1832 1261 1882 1111

185 2014 249 2072 ager
271 1997 399 2071 Tarquini
427 1998 537 2073 superbi
565 1998 630 2063 tuit,
665 2008 692 2055 et
720 2016 769 2072 pro
799 1997 868 2055 illius
897 1998 959 2072 iuga
984 1996 1058 2054 llarti
1087 2003 1260 2053 consecratus

185 2083 272 2139 dictus
295 2093 336 2140 est
359 2084 466 2140 Martius
489 2099 607 2158 campus.
712 2085 770 2142 133
794 2084 821 2140 in
843 2081 911 2140 valle
933 2082 1002 2140 colle
1024 2081 1136 2150 Quirini.
1159 2081 1193 2137 ad
1214 2081 1260 2136 in-

183 2168 280 2223 vidiam
302 2167 366 2243 dixit
386 2169 413 2223 in
437 2167 515 2224 valle.
627 2170 682 2225 141
709 2169 742 2224 de
763 2167 855 2242 Lydia,
878 2167 951 2224 unde
974 2167 1096 2224 Arachne
1117 2167 1169 2224 luit
1190 2181 1259 2223 con-

183 2269 260 2309 versa
282 2252 309 2306 in
332 2269 465 2309 araneam.
486 2252 552 2309 haec
574 2253 677 2310 inclusa
698 2253 726 2309 in
748 2253 844 2328 pyxide
866 2269 991 2310 araneam
1012 2253 1087 2310 terit.
1110 2268 1177 2327 quae
1192 2268 1258 2325 per-

183 2338 264 2393 mixta
285 2338 362 2411 potui
385 2337 526 2395 fecundam
549 2336 688 2397 mulierem
710 2339 743 2396 de
765 2338 849 2395 sterili
871 2339 944 2396 lacit.
1061 2338 1165 2412 turgida
1188 2335 1258 2393 allu-

183 2421 258 2478 dens.
281 2438 368 2479 crassa
392 2422 549 2498 simpliciter
569 2424 779 2498 intellegendum
803 2433 844 2480 est
865 2432 912 2480 aut
933 2439 1092 2498 praegnans.
1197 2423 1255 2480 142

183 2506 287 2565 steriles
310 2508 435 2566 mulieres
457 2508 644 2566 februantibus
666 2509 785 2583 lupercis
814 2527 844 2567 se
867 2507 1016 2567 offerebant
1038 2517 1065 2566 et
1086 2507 1170 2565 ferula
1194 2523 1257 2564 ver-

181 2592 353 2650 berabantur.
385 2594 439 2651 hoc
463 2611 541 2651 omen
570 2595 647 2668 sequi
675 2594 744 2650 inira
773 2601 875 2652 tectum
903 2593 981 2650 multi
1009 2593 1115 2649 seminis
1139 2592 1251 2650 creditur

181 2685 337 2736 contractus
365 2679 397 2734 ad
425 2678 614 2735 fecunditatem
643 2679 756 2736 dandam
779 2679 884 2736 cunctis
905 2697 954 2752 per
976 2679 1115 2736 civitatem.
1138 2677 1165 2732 in
1188 2675 1256 2732 solio

180 2763 202 2818 si
225 2779 278 2836 qua
300 2773 362 2835 post
383 2763 469 2836 ipsum
492 2763 674 2830 descenderit,
702 2765 789 2820 statim
819 2764 946 2839 concipit.
1073 2762 1174 2837 palmas
1195 2761 1255 2818 ideo

180 2846 243 2902 dicit
266 2847 326 2921 quia
349 2857 396 2902 aut
418 2856 537 2904 catomos
559 2846 727 2905 laetabuntur
748 2857 794 2905 aut
816 2851 878 2924 quia
899 2847 1022 2906 manibus
1045 2848 1181 2922 vapulant.

269 2931 327 2990 143
351 2933 396 3005 qui
420 2941 481 3006 toga
512 2934 646 3008 deposita,
681 2951 734 3008 qua
762 2934 909 2991 utebantur
936 2942 1089 2996 senatores,
1120 2942 1254 3005 tamquam

179 3015 274 3074 lanista
296 3018 386 3074 tunica
408 3019 544 3076 utebatur.
670 3022 730 3077 144
754 3019 863 3076 Gracchi
886 3018 956 3074 lilius
978 3016 1071 3074 habitu
1093 3016 1254 3090 gladiatores

178 3101 339 3176 plerumque
359 3104 392 3159 ad
414 3103 547 3161 infamiam
568 3105 708 3179 aequabat.
731 3105 853 3162 retiarius
875 3103 945 3160 enim
967 3101 1026 3158 luit.
1117 3105 1175 3160 147
1201 3118 1254 3157 no-

178 3185 292 3258 bilibus,
323 3204 378 3243 non
401 3189 509 3246 Neroni.
539 3207 600 3246 nam
622 3191 693 3247 Nero
721 3188 826 3264 etipse
849 3188 977 3263 pugnavit
999 3187 1069 3243 inter
1091 3187 1253 3262 gladiatores

179 3281 214 3329 et.
228 3272 344 3329 cantavit
364 3273 392 3328 in
415 3287 509 3331 scaena
532 3275 559 3331 in
582 3275 674 3332 habitu
697 3274 843 3333 citharoedi
865 3282 892 3331 et
914 3274 1006 3346 auriga
1027 3272 1088 3330 luit.
1195 3272 1251 3329 148

178 3358 240 3433 quia
263 3368 289 3416 et
313 3358 447 3415 Gracchus
468 3361 558 3416 minor
580 3361 716 3436 pugnavit.
803 3362 860 3419 149
884 3377 945 3417 esse
967 3359 1081 3434 aliquos.
1105 3350 1253 3433 ἕκφώνη-

179 3459 234 3518 σις.
342 3447 399 3503 150
423 3454 450 3501 11
472 3453 595 3520 pontum.
619 3447 692 3519 Virg.
715 3441 796 3520 [Aeo.
821 3449 849 3509 6,
875 3443 947 3520 302]
965 3439 1037 3519 ‘ipse
1059 3453 1143 3500 ratem
1166 3449 1251 3517 ponto

177 3527 276 3602 subigit
298 3528 418 3604 velisque
440 3518 597 3588 ministrat³.
627 3529 705 3605 [Aen.
730 3533 757 3594 6,
783 3527 854 3605 315]
880 3521 968 3587 ‘nunc
988 3531 1039 3586 hos
1062 3546 1136 3586 nune
1158 3527 1253 3600 accipit

177 3601 264 3671 illos'.
285 3613 330 3671 hic
352 3617 576 3688 comparationem
599 3627 694 3673 eontra
713 3623 836 3672 naturam
851 3615 961 3672 inducit.

267 3763 314 3814 133
334 3761 360 3813 in
378 3760 447 3812 nelle
465 3762 531 3814 colle
550 3760 643 3828 quirini
661 3763 708 3812 sed
725 3763 792 3815 colle
810 3777 916 3812 marum
934 3763 957 3814 P
1035 3764 1083 3815 145
1102 3767 1128 3813 et
1146 3759 1252 3813 Marcel·

178 3828 261 3880 lis-
279 3829 737 3881 11111111111111(11111111111111111111ι
794 3832 843 3883 146
861 3829 955 3881 catulis
972 3830 1108 3896 paulisque
1122 3846 1142 3896 p
1214 3828 1251 3879 la-

179 3896 244 3947 binis
263 3897 408 3947 Peraeae
486 3899 512 3947 11
529 3900 559 3947 in
577 3897 703 3949 lituraP
772 3901 819 3950 150
840 3901 944 3949 contum
962 3913 997 3948 ec·
1015 3903 1122 3963 pontum
1142 3896 1251 3947 PCoci-

179 3969 231 4015 tum
250 3963 435 4029 Liutprandus
453 3965 627 4028 antapodosis
644 3967 669 4026 5,
686 3968 711 4015 8.
737 3967 786 4016 boc
805 3967 946 4030 comprobo
963 3980 1042 4030 regne
1062 3969 1088 4017 11
1103 3967 1107 4031 Ι
1124 3965 1250 4032 Cocytum
