2804 4442
529 147 652 201 treea1
687 148 867 202 servarim
1194 152 1237 226 91·

1074 249 1169 318 tate*
1184 221 1204 298 '.
1222 244 1258 278 ι

161 321 211 399 qui
234 320 384 397 sequitur;
408 320 476 382 ferit
496 319 546 381 hic
568 321 679 394 cubito,
702 321 771 382 lerit
792 340 890 382 assere
912 322 987 382 duro
1048 344 1050 353 ⁴
1191 333 1235 385 245
1352 371 1356 390 ,

153 407 244 502 plter,
267 414 297 465 at
319 405 367 465 hic
389 405 505 484 tignum
528 407 617 484 capiti
639 406 756 480 incutit
779 387 868 466 ille
851 415 1015 467 metretam
1085 386 1185 466 Η
1272 393 1315 511 ὃ,
1341 398 1356 430 *⁴

117 485 283 593 tptpinguia
305 508 393 551 crura
416 490 488 563 luto,
511 491 611 569 planta
634 509 704 552 mox
726 451 858 569 ulrdique
880 509 987 571 magna

49 582 107 634 ω
161 575 269 649 calcor,
292 583 323 635 et
344 575 373 634 in
398 575 489 661 digito
512 576 611 638 clavus
634 577 704 636 mihi
726 576 826 636 militis
848 577 959 639 haeret
951 621 978 687 ᾗ
1038 621 1101 678 r

112 659 150 705 ι(
162 679 264 721 nonne
286 660 366 721 vides
389 669 501 738 quanto
524 639 690 722 celebretur
712 656 928 752 sportula'lm
867 659 979 722 lmo‘l·

161 754 283 806 centum
306 745 454 815 convivae,
477 746 612 824 sequitur
634 764 686 807 sua
709 764 909 842 quemquep
918 743 998 832 lina)

162 829 292 890 Corbulo
314 830 362 890 vix
385 831 476 890 ferret
497 839 542 891 tot
562 849 629 892 vasa
651 831 793 910 ingentia,
816 839 861 891 tot
882 849 930 891 res

161 896 305 995 inpositas
327 914 424 993 capiti,
448 933 521 993 quas
543 926 625 977 recto
647 917 756 977 vertice
778 924 878 994 portat

161 999 294 1060 servulus
316 1000 418 1061 infelix
441 1009 471 1061 et
492 1018 581 1062 cursu
603 1001 753 1062 ventilat
746 1020 854 1080 ignem.
1199 1047 1240 1092 ρ,

160 1085 339 1144 scinduntur
360 1085 478 1146 tunicae
501 1095 595 1148 sartae
617 1085 716 1158 modo,
739 1087 828 1165 longa
850 1093 986 1146 coruscat
1052 1123 1073 1191 p·
1088 1127 1144 1169 (ψ
1175 1082 1185 1146 l

160 1185 279 1244 serraco
302 1170 439 1251 repiente
461 1170 551 1244 abies,
574 1179 661 1249 atque
684 1172 775 1233 altera
797 1172 902 1250 pinum
1063 1149 1077 1186 r

162 1256 294 1334 plaustra
315 1255 435 1328 vehunt,
458 1265 566 1316 nutant
587 1256 644 1318 alte
667 1257 838 1335 populoque
860 1255 1020 1315 minantur.

161 1357 230 1400 nam
253 1339 278 1400 si
301 1340 461 1418 procubuit
482 1341 532 1419 qui
555 1359 622 1401 saxa
645 1341 794 1418 Ligustica
817 1349 915 1419 portat

164 1425 225 1485 axis
248 1432 277 1484 et
300 1443 435 1486 eversum
457 1426 533 1485 ludit
554 1443 644 1506 super
666 1426 783 1503 agmina
806 1433 947 1497 montem,

161 1509 230 1587 quid
255 1517 392 1588 superest
413 1510 450 1570 de
472 1509 672 1590 corporibus?
695 1512 761 1589 quis
783 1510 926 1583 membra,
950 1509 1016 1588 quis
1038 1527 1104 1570 ossa

160 1592 295 1654 invenit?
318 1594 459 1655 obtritum
482 1597 561 1674 vulgi
584 1597 662 1675 perit
684 1615 771 1656 omne
794 1596 916 1656 cadaver
1189 1602 1232 1652 tou

160 1697 244 1738 moro
266 1679 391 1739 animae.
435 1681 540 1740 domus
562 1681 674 1741 interea
697 1699 801 1742 secura
823 1681 945 1759 patellas

160 1763 218 1822 iam
242 1762 317 1822 lavat
339 1771 368 1824 et
389 1763 483 1823 bucca
505 1765 636 1825 loculum
661 1765 768 1825 excitat
790 1774 820 1825 et
841 1774 929 1826 sonat
950 1764 1048 1824 unctis

160 1846 312 1924 striglibus
335 1856 365 1908 et
385 1848 476 1926 pleno
499 1849 653 1944 componit
673 1849 763 1909 lintea
787 1858 869 1938 guto.

160 1931 233 1992 baec
255 1931 335 1991 inter
355 1950 466 2012 pueros
487 1932 566 1992 varie
587 1943 799 2029 properantur,
822 1944 851 1992 at
873 1933 921 1993 ille

161 2016 218 2075 iam
241 2017 353 2077 sedet
346 2036 374 2077 ιιι
399 2017 463 2097 ripa
485 2026 673 2096 taetrumque
696 2017 830 2078 novicius
852 2018 955 2077 horret
1190 2023 1233 2072 265

160 2102 314 2180 porthmea
337 2121 394 2163 nec
416 2113 516 2182 sperat
538 2103 657 2165 caenosi
679 2103 804 2182 gurgitis
826 2103 928 2162 alnum
1040 2088 1055 2126 ‘⁸

160 2186 261 2247 infelix
285 2205 341 2247 nec
362 2188 452 2249 habet
474 2207 561 2267 quem
585 2189 718 2268 porrigat
740 2208 791 2250 ore
814 2185 963 2248 trientem.

244 2383 305 2439 245
328 2383 407 2439 amite
428 2382 547 2440 lecticae.
573 2382 722 2440 lecticarios
744 2382 884 2456 significat.
1007 2383 1068 2439 246
1091 2395 1136 2433 vas
1159 2379 1234 2452 quod

158 2465 314 2539 amphoram
336 2468 416 2542 capit.
557 2470 617 2527 249
641 2477 739 2543 quanta
754 2467 893 2524 inundatio
915 2466 962 2522 fiet
986 2463 1135 2538 sportulam
1161 2463 1233 2519 acci·

157 2551 297 2625 pientiam.
426 2551 511 2609 fumo.
538 2562 638 2627 quanta
667 2553 850 2628 apparatione.
965 2552 1025 2608 250
1049 2546 1146 2606 eulina.
1169 2546 1234 2620 pul-

156 2637 418 2712 mentariaportaut
439 2654 531 2696 secum
553 2648 699 2714 conparata
726 2655 757 2696 ex
779 2636 910 2710 sportula.
1041 2635 1098 2691 251
1125 2631 1168 2687 alii
1190 2632 1234 2687 di-

158 2730 223 2777 cunt
243 2722 368 2780 athletam
390 2722 459 2779 illius
480 2724 609 2797 temporis
634 2723 730 2781 fortem
759 2721 941 2780 Corbulonem
962 2720 1058 2785 luisse,
1083 2718 1233 2792 alligeros

156 2806 239 2862 navis.
369 2808 430 2866 255
454 2808 572 2866 vehicula
601 2827 663 2865 nam
691 2808 814 2866 materias
839 2806 974 2880 portantia
1001 2804 1127 2862 euntibus
1154 2804 1234 2876 inpe-

155 2890 243 2947 diunt.
381 2893 441 2950 257
465 2909 563 2950 nomen
584 2894 697 2951 insulae.
829 2893 889 2949 266
913 2890 1063 2948 minutatim
1085 2889 1232 2945 concisum.

243 2978 302 3032 261
328 2977 399 3033 sicut
421 2979 522 3034 animae
544 2995 600 3034 non
622 2979 756 3041 videntur,
780 2976 816 3031 ita
838 2976 950 3032 cadaver
972 2974 1115 3030 obteritur.

243 3061 303 3117 263
327 3061 392 3117 haec
413 3071 557 3135 apparatur
577 3063 610 3117 ad
634 3062 728 3117 balnea
753 3060 840 3124 ferre,
864 3061 887 3114 si
913 3058 1024 3122 venerit,
1048 3074 1127 3132 quem
1150 3055 1235 3113 nescit

156 3152 336 3218 peremptum.
465 3157 531 3218 guto
553 3146 688 3202 antemi
718 3145 778 3200 oleo
811 3143 844 3198 ab
870 3160 902 3200 eo
927 3143 988 3217 quia
1015 3152 1117 3216 guttam
1141 3140 1233 3198 mittit.

157 3244 226 3302 quos
249 3227 348 3284 habent
369 3231 489 3302 capsarii.
586 3229 697 3304 strigula
721 3239 808 3285 autem
831 3237 872 3284 est
894 3228 967 3302 quod
989 3239 1107 3302 xystram
1130 3227 1232 3289 dicunt,

156 3315 229 3371 unde
251 3312 339 3370 oleum
362 3314 503 3370 deteritur.
604 3316 664 3373 265
688 3314 713 3369 id
736 3322 786 3376 est.
810 3314 857 3386 qui
878 3313 1021 3370 defunctus
1043 3321 1093 3374 est.
1116 3327 1179 3367 mox
1200 3309 1233 3364 ad

156 3397 256 3456 inferos
282 3400 414 3474 pervenit.
436 3408 468 3455 ut
489 3398 614 3497 Virgilius
636 3398 716 3474 [Aen.
740 3402 775 3464 6,
800 3388 903 3473 450]‘
906 3399 976 3455 inter
999 3414 1065 3470 quas
1086 3395 1233 3452 Phoenissa

156 3499 287 3540 recensa
310 3484 420 3541 vulnere
443 3471 527 3540 bido'.
635 3487 696 3543 266
721 3485 867 3540 Charopem
890 3481 1060 3555 porthmeum
1083 3480 1154 3552 dicit,
1177 3495 1233 3535 non

155 3577 300 3641 angustum
322 3569 470 3626 traiectum
552 3570 612 3627 267
637 3585 786 3638 nummum,
809 3568 914 3640 stipem.
930 3576 958 3622 et
972 3582 1046 3623 nuno
1059 3567 1131 3641 apud
1147 3565 1234 3621 Athe-

241 3757 290 3807 246
309 3755 407 3821 lignum
423 3775 442 3824 p
546 3759 595 3810 259
615 3757 646 3809 de
661 3774 694 3823 p:
716 3773 730 3808 e
747 3759 771 3807 P
873 3758 922 3809 262
942 3771 1024 3807 uncus
1042 3761 1090 3807 aut
1107 3754 1182 3806 undis
1200 3756 1231 3806 l’:

156 3821 225 3873 antis
241 3838 259 3888 p
278 3838 356 3874 musa
375 3840 389 3875 c
458 3827 507 3877 263
525 3825 666 3877 stricllibus
685 3827 707 3875 P
722 3824 820 3889 strigil-
835 3841 856 3890 p
928 3827 977 3877 265
992 3827 1151 3890 teatrumque
1163 3825 1233 3887 Ppr.

243 3892 292 3943 266
312 3890 446 3963 Portamea
465 3895 494 3958 P,
510 3896 631 3959 priorem
650 3908 663 3944 a
683 3893 788 3943 adrasit
804 3909 822 3959 p
