2792 4444
166 195 207 254 38
655 197 760 252 eursu

168 388 237 432 cum
259 370 355 450 eapite
378 368 565 450 etpedibus,
587 367 762 450 plebeioque
784 371 910 448 prandia
933 363 1034 434 noris?

167 475 229 517 non
253 454 390 535 equidem
412 455 470 516 hoc
493 455 608 528 studeo,
631 454 749 534 pullatis
772 465 805 514 ut
825 456 898 517 mibi
921 458 1009 536 nugis

167 541 274 622 pagina
295 549 446 620 turgescat
467 541 539 602 dare
561 541 680 620 pondus
702 539 807 600 idonea
830 543 922 602 fumo.

164 635 279 688 secrete
301 625 461 705 loquimur.
505 624 560 686 tibi
582 643 665 686 nunc
687 625 825 686 hortante
847 625 976 688 Camena

165 711 341 772 excutienda
364 711 467 772 damus
488 710 670 790 praecordia,
693 719 865 789 quantaque
886 721 1007 773 nostrae

62 823 133 872 ap>
164 813 234 876 pars
255 804 306 858 tua
329 796 375 868 sit,
399 795 540 867 cornute,
563 795 686 868 animae,
711 793 773 869 tibi,
795 795 890 858 dulcis
913 798 1016 870 amice,

5 853 98 944 tw
164 881 329 943 ostendisse
350 881 438 940 iuvat.
483 881 568 961 pulsa
589 880 746 942 dinoscere
768 890 873 942 cautus

11 979 31 1043 r,
50 961 80 990 θ’
94 933 153 1046 μμ,
165 966 237 1044 quid
259 965 385 1027 solidum
408 973 511 1045 crepet
533 976 563 1026 et
584 965 680 1044 pictae
703 965 826 1042 tectoria
845 966 975 1045 linguae.

15 1025 152 1163 ''Rp“
165 1051 214 1111 bic
237 1069 292 1130 ego
315 1060 458 1134 ceptenas
479 1051 572 1111 ausim
595 1047 757 1129 deffis'c'ere
780 1052 890 1124 lauces,

19 1143 22 1150 '
48 1115 106 1179 η’,
163 1144 198 1196 ut
220 1143 364 1214 quantum
387 1134 459 1195 mibi
481 1144 511 1196 te
533 1135 655 1196 sinuoso
677 1136 710 1195 in
734 1146 857 1214 pectore
878 1136 939 1209 dxi,

92 1245 99 1254 .
164 1238 238 1280 voca
259 1222 372 1285 trabam
394 1237 479 1299 pura,
502 1228 659 1298 totumque
680 1220 739 1280 hoc
760 1219 850 1283 verba
872 1222 1038 1301 resignent,

164 1304 244 1384 quod
266 1305 337 1367 latet
358 1323 466 1366 arcana
488 1324 550 1366 non
574 1305 740 1366 enarrabile
762 1304 846 1366 libra.

206 1408 275 1452 cum
297 1391 428 1471 primum
451 1389 555 1470 parido
578 1399 677 1452 custos
699 1390 771 1450 mibi
792 1408 927 1470 purpura
949 1391 1039 1454 cessit
1214 1399 1245 1450 att

162 1474 303 1554 bullaque
325 1476 489 1537 subcinctis
512 1475 637 1536 Laribus
659 1475 767 1536 donata
787 1476 939 1556 pependit,

161 1656 190 1706 et
211 1648 361 1721 tragoedias
389 1649 583 1721 praetermitte.
673 1649 711 1706 18
734 1664 796 1704 cum
825 1649 913 1722 capite
938 1658 968 1704 et
988 1648 1102 1723 pedibus
1124 1647 1188 1703 dixit
1208 1647 1244 1703 ad

51 1733 57 1790 ζ
160 1734 330 1806 superiorem
351 1749 461 1789 sensum
479 1732 608 1796 reterens.
632 1732 679 1789 ubi
696 1735 807 1789 Atreum
822 1733 945 1809 Thyestis
959 1733 1031 1790 filios
1046 1732 1149 1790 coxisse
1163 1748 1242 1788 com-

159 1818 327 1875 memoravit.
372 1835 432 1874 cum
461 1817 505 1874 ille
525 1818 614 1874 minus
642 1818 716 1894 quod
738 1818 894 1876 comedebat
915 1827 1083 1892 agnosceret,
1107 1818 1194 1892 eapite
1215 1827 1244 1874 et

158 1902 274 1978 pedibus
295 1901 412 1960 liliorum
435 1901 532 1959 oblatis
554 1902 691 1960 intellexit.
781 1906 818 1962 19
842 1903 958 1978 pullatas
979 1920 1065 1977 nugas
1088 1902 1242 1978 tragoedia·

158 2005 219 2047 rum
242 1989 279 2045 ait
299 1997 412 2062 propter
434 1988 523 2046 tristes
545 1987 657 2052 fabulas,
681 1995 709 2044 et
729 1989 803 2062 quod
825 1989 937 2044 maxime
958 1987 1032 2064 pulla
1051 1997 1134 2054 veste,
1158 1987 1243 2044 idest

157 2071 276 2146 lugubri.
300 2074 421 2146 tragoedi
442 2072 597 2130 utebantur.
619 2073 718 2145 legitm
739 2082 768 2128 et
789 2071 906 2138 bullatis,
928 2074 955 2130 id
977 2083 1018 2130 est
1040 2073 1150 2130 ornatis.

160 2157 285 2232 pullatis,
315 2157 428 2232 palliatis
457 2158 568 2230 graecis.
699 2158 739 2214 22
762 2159 794 2214 ad
816 2160 957 2216 Annaeum
980 2157 1127 2214 Cornutum
1149 2156 1243 2230 pbilo-

158 2243 284 2315 sopbum,
308 2243 447 2314 egregium
468 2243 563 2307 virum,
587 2241 650 2316 quia
671 2241 729 2299 eius
751 2243 858 2300 auditor
874 2243 934 2309 luit,
957 2243 1088 2318 loquitur.
1110 2240 1245 2298 sententia

158 2325 349 2401 aPytbagora
376 2336 474 2390 tracta,
504 2326 549 2384 ille
575 2328 646 2384 enirn
675 2327 857 2402 interrogatus
885 2329 949 2402 quid
971 2337 1043 2384 esset
1063 2327 1173 2392 amicus,
1196 2343 1241 2384 re·

159 2412 269 2485 spondit
297 2428 367 2485 qum
394 2411 521 2470 Horatius
549 2413 587 2470 sic
614 2413 706 2488 posuit
729 2411 785 2490 [od.
805 2417 837 2479 t,
856 2416 890 2478 3,
908 2412 938 2488 9]
961 2407 1006 2470 ‘et
1027 2430 1118 2470 serves
1140 2412 1241 2468 animae

157 2496 295 2554 dimidium
322 2493 418 2556 meae’.
460 2499 570 2555 Persius
596 2507 686 2555 antem
712 2507 744 2554 ut
766 2497 862 2572 aliquid
886 2507 1006 2562 novaret,
1029 2498 1151 2572 permisit
1173 2497 1242 2553 Cor-

156 2591 225 2640 nuto
253 2583 408 2648 aestimare,
439 2592 566 2657 quantam
594 2583 674 2640 vellet
701 2584 827 2657 propriae
849 2583 951 2641 animae
972 2591 1076 2657 partem
1098 2599 1173 2639 suam
1197 2581 1241 2638 di-

157 2684 229 2724 cere.
303 2668 517 2725 tetracolon:
541 2667 593 2723 scis
616 2668 685 2724 enim
708 2667 872 2742 intellegere,
896 2669 961 2742 quid
982 2668 1017 2724 sit
1038 2669 1174 2741 integrum
1195 2673 1243 2722 aut

156 2752 291 2808 vitiosum.
314 2759 345 2808 ut
365 2751 436 2808 idem
457 2768 539 2825 supra
561 2750 601 2825 [3.
626 2745 856 2827 221‘resp0naet
878 2752 955 2809 viridi
975 2769 1032 2808 non
1054 2762 1132 2810 cocta
1152 2750 1243 2809 fidelia

155 2829 241 2892 limo'.
350 2837 389 2894 30
415 2837 477 2893 dicit
510 2854 539 2893 se
568 2845 649 2911 poeta
681 2854 743 2894 mox
775 2847 913 2912 praetexta
947 2837 1069 2913 deposita
1092 2837 1242 2894 Cornutum

157 2919 244 2994 sequi.
278 2929 415 2994 praetexta
447 2920 557 2997 puerilis
589 2931 631 2979 est
652 2923 733 2979 vestis
762 2941 815 2997 qua
844 2940 931 2998 usque
958 2925 992 2980 ad
1018 2923 1134 2980 sedecim
1155 2937 1241 2978 annos

156 3005 234 3079 pueri
255 3004 410 3063 utebantur.
518 3006 613 3082 pavido
635 3006 674 3064 ait
695 3007 807 3072 timenti,
837 3009 910 3083 quod
933 3008 984 3066 sub
1007 3015 1080 3065 metu
1102 3006 1242 3080 paedago-

156 3107 254 3164 gorum
286 3093 447 3165 praetextati
479 3101 553 3150 sunt.
663 3094 700 3152 31
725 3092 799 3149 bulla
831 3111 917 3168 genus
947 3104 989 3151 est
1019 3093 1100 3148 vestis
1129 3089 1241 3172 puerilis

157 3190 240 3248 quam
261 3175 351 3234 solent
372 3179 450 3250 pueri
473 3179 593 3252 deposita
615 3178 729 3252 pueritia
753 3178 801 3235 diis
822 3179 965 3252 penatibus
988 3179 1060 3234 dare.
1102 3175 1146 3233 vel
1168 3170 1242 3248 certe

155 3261 307 3316 ornamenti
332 3277 419 3335 genus
447 3271 488 3318 est
516 3264 590 3337 quod
612 3271 674 3319 ante
701 3264 871 3337 pubertatem
892 3263 1036 3322 habebant.
1058 3272 1091 3320 ut
1110 3260 1241 3319 luvenalis

156 3342 218 3422 [13.
243 3343 294 3420 33]
317 3339 377 3402 ‘dic
404 3347 493 3404 senior
521 3348 594 3404 bulla
623 3343 797 3422 dignissime’,
826 3349 852 3404 id
880 3359 922 3406 est
950 3349 996 3424 qui
1019 3349 1117 3422 dignus
1139 3364 1167 3403 es
1190 3345 1241 3401 diei

154 3446 234 3503 puer.
313 3430 460 3489 subcinctis
481 3432 606 3491 Laribus.
629 3435 691 3508 quia
706 3433 809 3490 Gabino
831 3435 921 3491 cinctu
944 3435 981 3491 dii
1001 3444 1115 3508 penates
1135 3431 1240 3488 forma-

154 3511 254 3572 bantur
275 3515 398 3574 obvoluti
421 3527 483 3592 toga
504 3535 587 3592 supra
610 3535 733 3575 umerum
755 3519 892 3576 sinistrum
916 3528 944 3576 et
965 3517 1017 3576 sub
1039 3519 1145 3576 dextro.

240 3679 274 3731 18
291 3682 321 3730 a'n
339 3684 465 3746 margine
483 3689 507 3732 α
611 3682 680 3749 plebi
699 3697 750 3750 que
769 3684 793 3733 P
880 3686 912 3736 19
931 3681 1047 3754 bullatis·-
1092 3697 1133 3734 am
1154 3679 1301 3742 ultum&

154 3745 268 3796 laberius
347 3750 377 3801 tt
393 3750 525 3814 Secretig
594 3751 627 3803 22
640 3757 787 3818 quantaque
801 3758 862 3817 ap:
880 3747 1051 3819 qumanana*
1184 3748 1242 3816 pul·

155 3814 338 3868 sandinoscere
356 3818 425 3882 Ppr.
508 3821 541 3871 26
559 3817 603 3869 llis
619 3820 644 3869 P
714 3819 801 3870 auxim
819 3821 887 3886 Ppr.
957 3819 1046 3887 lauces
1065 3820 1100 3871 P:
1117 3831 1196 3870 uoces
1216 3823 1241 3866 α

239 3885 272 3935 28
290 3889 352 3950 puta
374 3891 398 3935 α
503 3891 586 3938 torum
605 3887 629 3936 P
644 3902 752 3954 corr-,p
858 3889 890 3940 29
909 3882 1038 3948 Quor
1107 3885 1201 3938 cicani
1219 3885 1244 3935 Ρ

239 3952 274 4003 30
290 3951 337 4004 Cui
356 3959 380 4004 α
452 3956 483 4006 at
503 3955 649 4006 succinctus
669 3962 693 4005 α
1171 3953 1180 4002 .'
