2792 4444
574 195 760 252 PRAEFATIO
1171 199 1216 252 vtl

139 367 224 428 ducta
248 386 311 430 esse
333 377 469 448 apertum
491 369 537 430 sit.
587 369 618 432 id
647 371 727 449 quod
749 371 794 434 vel
823 370 892 434 inde
921 380 1054 447 constat,
1082 373 1161 452 quod
1183 373 1215 434 in

140 477 267 548 utroque
296 469 399 532 codice
429 469 509 534 nulla
544 471 654 535 scholia
691 480 791 534 extant
818 473 854 535 ad
883 472 934 535 Vll
967 475 1151 549 129-158,
1183 475 1215 535 iu

139 572 289 634 communi
318 573 477 653 archetypo
504 591 575 636 casu
604 575 703 653 aliquo
730 575 911 654 iuuroepu,
940 585 969 638 51
997 576 1024 637 ll
1051 578 1092 640 99
1122 576 1216 637 aduo-

141 682 231 736 tatum
253 683 300 736 est
321 675 484 740 subnotatio
505 675 592 740 buius
613 687 690 744 rotro
712 681 819 758 compto
841 689 881 740 551
902 678 955 740 ubi
971 677 1079 759 pulmo.
1102 678 1216 741 scilicet

140 776 273 838 scholion
304 777 340 839 dc
368 777 486 842 Othone
513 777 545 839 iu
575 779 677 844 codice
699 779 883 858 Sangallensi
910 789 940 840 et
969 781 1000 841 iu
1024 780 1051 841 P
1077 799 1138 842 uon
1161 799 1216 842 suo

141 879 206 940 loco
229 879 360 959 positum
374 899 400 940 v.
417 882 469 956 90,
492 880 543 946 ubi
566 882 596 944 iu
621 882 780 964 archetypo
803 883 979 944 invenerant
1000 882 1122 957 librarii,
1146 890 1217 944 nota

141 980 172 1042 iu
188 981 349 1063 archetypo
365 983 400 1044 ad
417 983 608 1046 iudicandum
625 1001 757 1048 errorem
772 984 906 1064 apposita
921 983 958 1045 ab
982 994 1110 1063 utroque
1125 984 1217 1045 libra·

142 1082 186 1144 rio
207 1093 320 1144 serrata
342 1093 396 1146 est.
419 1085 600 1148 scholiorum
621 1085 729 1165 igitur,
753 1105 829 1164 quae
852 1104 1030 1166 quamquam
1051 1086 1151 1147 attrita
1172 1096 1217 1148 at·

143 1203 200 1264 que
222 1186 378 1265 depravata
400 1188 479 1250 baud
501 1207 594 1267 pauco
617 1189 800 1268 grammatici
823 1189 931 1250 eruditi
958 1188 1079 1268 vestigia
1100 1199 1219 1251 serrant

142 1321 182 1334 --
205 1288 353 1367 originem
375 1309 478 1352 eorum
501 1291 572 1354 satis
594 1292 683 1352 certis
712 1292 896 1369 argonautis
924 1292 959 1352 ad
989 1292 1097 1353 sacculi
1121 1291 1217 1370 quarti

141 1391 230 1452 finem
253 1394 365 1454 5515555
387 1393 456 1456 11551
472 1427 513 1440 -
531 1394 682 1473 aliquanto
704 1393 809 1456 melior
830 1393 967 1455 condicio
989 1402 1048 1468 cst,
1071 1394 1095 1456 si
1118 1394 1219 1456 critica

142 1492 270 1556 subsidia
292 1505 423 1574 spectes,
452 1514 540 1575 quem
572 1497 665 1576 ipsius
694 1505 807 1576 poetae.
851 1505 1009 1576 postquam
1040 1514 1073 1557 ca
1102 1515 1138 1557 ox
1163 1480 1218 1558 suo

142 1594 244 1660 codice
273 1597 377 1660 Petrus
405 1597 546 1660 Pithoeus
567 1617 593 1659 a.
619 1601 716 1670 1585,
742 1597 1219 1660 1515851185555555511151-

141 1697 202 1759 bito
217 1697 321 1764 codice
335 1699 521 1780 Saugaheusi
536 1720 561 1762 a.
580 1702 661 1766 1823
675 1701 776 1773 edidit,
791 1701 918 1781 plurima
934 1700 1101 1762 lehcissime
1117 1719 1219 1762 emou-

142 1801 219 1862 davit
236 1800 311 1862 Lud.
327 1801 503 1882 Schcpenns
525 1803 555 1864 in
579 1803 710 1866 editione
726 1802 936 1864 Heinrichiaua
958 1801 995 1863 ab
1011 1803 1076 1882 ipsc
1090 1821 1118 1866 a.
1137 1803 1220 1868 1839

143 1909 251 1974 curata,
274 1903 403 1983 donique
424 1906 590 1968 accuratius
612 1924 734 1968 excusso
758 1904 860 1967 codiee
883 1905 1045 1968 Pithoeauo
1068 1913 1098 1966 51
1119 1906 1219 1966 denuo

142 2004 279 2070 consulto
301 2008 471 2087 apographo
493 2008 680 2089 sangallensi
701 2007 765 2087 ipso
787 2026 813 2068 u.
840 2009 918 2072 1851
945 2007 982 2069 115
1006 2007 1158 2080 recensui,
1187 2017 1221 2069 nt

144 2125 177 2168 55
199 2126 276 2186 quae
296 2108 376 2172 Valla
400 2111 519 2173 tradidit
540 2129 555 2171 a
579 2111 686 2174 ceteris
708 2127 907 2191 segregarem.

227 2211 263 2271 ab
292 2227 327 2274 55
357 2212 503 2274 luvenalis
531 2214 722 2285 recensione,
753 2213 837 2274 osius
864 2211 1000 2292 locuples
1028 2211 1112 2273 testis
1138 2211 1221 2272 solus

142 2311 230 2373 bodie
246 2312 429 2393 Psuporest,
444 2317 475 2376 iu
490 2316 674 2393 gravioribus
689 2315 908 2394 levioribusque
924 2333 978 2394 per
989 2332 1093 2374 omues
1108 2321 1221 2375 saturas

143 2413 287 2476 diversam
317 2415 458 2477 exbibeut
486 2416 603 2480 codices
631 2436 685 2496 per
714 2417 855 2496 plurimas
884 2414 1078 2476 bibliothecas
1104 2415 1221 2494 lugenti

143 2533 269 2578 numero
291 2517 427 2596 dispersi,
449 2526 593 2598 quantum
610 2518 728 2597 quidem
749 2524 874 2591 constat,
897 2516 988 2578 ceteri
1011 2533 1125 2577 omues.
1164 2515 1221 2576 uisi

143 2619 224 2698 quod
252 2620 282 2681 iu
312 2620 501 2698 quibusdam,
538 2621 616 2684 iuter
645 2639 720 2699 quos
748 2619 897 2682 referendi
926 2617 1109 2680 Parisiouscs
1138 2619 1221 2684 7909

142 2739 219 2782 5555.
242 2720 291 2793 IX,
316 2723 396 2786 8071
419 2721 546 2794 555511,
571 2722 729 2785 Vaticanus
745 2721 869 2784 Vrbiuas
885 2721 957 2794 661,
981 2718 1221 2780 vindobonensis

145 2827 203 2887 111
229 2823 356 2895 555511,
379 2824 498 2904 vestigia
521 2825 613 2903 magis
634 2825 769 2888 minusve
785 2822 951 2902 frequentia
967 2821 1077 2882 codicis
1098 2820 1223 2882 alicuius

142 2925 307 2998 Pithoeauo
330 2927 432 2988 similis
454 2925 490 2988 ad
506 2926 721 2988 emendandam
736 2926 911 3004 scripturam
928 2923 1050 2984 adhibiti
1065 2933 1220 3002 apparent.

142 3045 245 3088 vorum
273 3027 345 3090 haec
374 3027 530 3107 exempla„
553 3027 634 3109 nullo
657 3028 745 3089 modo
775 3025 937 3098 mirabilia,
964 3041 1030 3085 rura
1060 3032 1130 3085 snut
1152 3041 1223 3103 prae

143 3147 248 3191 eorum
263 3130 398 3192 codicnrn
414 3130 612 3203 multitudino,
635 3130 687 3208 qni
704 3129 824 3190 alteram
841 3126 1001 3190 verborum
1015 3126 1223 3188 recensionem

143 3231 285 3294 intactam
313 3240 478 3296 servarunt.
529 3233 608 3294 inter
638 3251 713 3311 quos
741 3231 799 3293 duc
829 3230 946 3292 codices
976 3228 1222 3290 bibliothecarum

143 3333 291 3396 lllediceae
313 3335 377 3410 (34,
400 3337 454 3413 42)
475 3344 506 3398 51
527 3333 680 3398 heideusis
700 3333 777 3415 (81),
800 3343 925 3412 uterquc
947 3331 1057 3394 soeculi
1078 3329 1129 3404 xl,
1150 3328 1223 3391 sub-

144 3436 330 3500 notationem
354 3437 427 3500 altar
448 3439 478 3500 iu
501 3438 561 3500 1155
583 3438 716 3516 quintae,
739 3447 837 3499 sertae
861 3444 977 3498 saturae
992 3434 1066 3496 altor
1081 3431 1224 3494 exhibent

230 3536 299 3619 Lupi
313 3557 361 3622 opo
375 3538 480 3602 Nioous
492 3537 599 3602 Romoo
610 3540 689 3620 opud
699 3538 834 3600 85551555
844 3541 1018 3618 manistram
1029 3537 1222 3602 5155551551.

145 3642 226 3720 qnod
248 3641 275 3704 si
298 3641 334 3702 de
357 3640 551 3705 celeberrimo
573 3641 776 3722 grammatico,
798 3639 919 3718 Vergilii
940 3639 1105 3716 interprete
1122 3637 1223 3698 Servio

144 3743 275 3823 cogitare
297 3743 374 3818 11551,
398 3745 502 3823 quinto
524 3744 642 3808 5555515
665 3744 737 3806 hooc
757 3751 862 3822 poetae
877 3740 1012 3804 recensio
1030 3739 1224 3801 adscribenda

143 3857 201 3920 est,
223 3855 303 3908 corto
325 3847 518 3926 grammatici,
541 3847 591 3925 qui
607 3845 841 3908 lurcnahslocis
862 3861 918 3924 pro
940 3841 1110 3903 testimonio
1133 3851 1225 3902 utnu-

146 3961 212 4025 tur,
241 3948 416 4030 plerumque
447 3951 524 4012 banc
546 3950 606 4010 sive
628 3947 804 4010 Nicaoauaur
827 3946 887 4008 sive
908 3943 1097 4017 Seruianam,
1128 3960 1225 4021 neque
