2792 4444
588 223 721 277 struat
737 223 759 277 Il
1169 223 1207 281 15

135 399 228 460 funde
250 416 365 459 memm
387 397 486 476 genio.
530 415 590 457 non
615 406 648 458 tu
670 415 760 476 prece
782 399 881 478 poscis
903 398 1005 470 emaci,
1208 353 1277 429 ‘'v'‘

137 502 213 564 quae
235 483 291 545 nisi
314 483 443 544 seductis
465 500 596 560 nequeas
618 483 803 544 committere
825 484 906 544 divis.
996 413 1317 632 μβ

138 578 167 630 at
189 568 267 629 bona
289 587 358 665 pars
379 586 540 648 procerum
561 567 648 628 tacita
671 567 773 629 libabit
794 585 905 629 acerra.
1197 576 1212 626 5

135 655 208 714 haut
230 654 321 715 cuivis
342 662 513 732 promptum
536 662 582 713 est
602 671 856 731 murmurqueu
817 651 1002 732 hinrrilesque
1025 669 1164 713 susurros

136 739 242 800 tollere
263 739 301 799 de
322 738 440 816 templis
462 747 492 798 et
513 745 616 838 aperto
638 739 734 799 vivere
756 747 833 799 voto.

133 817 233 885 ‘mens
255 823 342 896 bona,
366 823 451 895 fama,
473 813 553 884 fides’
579 823 652 883 haec
675 823 752 884 clare
774 832 804 884 et
825 832 858 884 ut
879 823 979 884 audiat
1001 823 1125 902 hospes:

29 905 187 1098 willa
209 908 265 970 sibi
288 909 450 969 introrsum
474 917 505 969 et
525 907 580 969 sub
603 909 703 987 lingna
725 916 891 970 murmurat
909 901 941 968 ‘o
964 909 988 969 si

138 993 259 1055 ebulliat
279 1002 412 1074 patruus,
435 993 618 1073 praeclarum
641 987 748 1054 funus’
774 1002 803 1054 et
821 987 902 1055 ‘osi
1186 999 1215 1050 to

139 1075 314 1142 stu-rasae
337 1087 439 1156 crepet
461 1079 574 1158 argenti
598 1079 669 1138 mibi
692 1079 768 1140 seria
791 1078 894 1140 dextro

139 1163 278 1225 Hercule.
311 1163 492 1244 pupillumve
513 1163 638 1237 utinam,
661 1182 750 1242 quem
773 1164 926 1243 proximus
948 1162 1035 1223 heres

139 1248 262 1328 inpelle,
285 1266 462 1328 expungam,
485 1267 553 1309 nam
577 1258 606 1310 et
629 1257 674 1310 est
695 1249 847 1351 soabiojus
869 1257 899 1310 et
919 1247 980 1308 acri
1148 1207 1282 1322 <Mdv

141 1430 184 1480 est
197 1432 286 1478 autem
301 1420 345 1477 hic
360 1437 455 1478 sensus
471 1429 498 1478 et
511 1421 539 1476 in
554 1420 664 1478 Horatio
686 1420 741 1495 [od.
761 1425 787 1488 1,
806 1424 855 1486 36,
875 1419 937 1494 10];
954 1415 1064 1477 ‘Cressa
1079 1434 1114 1474 ne
1128 1423 1218 1474 eareat

141 1506 254 1582 pulchra
275 1506 332 1564 dies
353 1501 441 1563 nota.²
537 1505 685 1580 alloquitur
707 1507 861 1570 Macrinum,
884 1505 1020 1562 bominem
1041 1520 1107 1560 sane
1128 1501 1216 1559 erudi-

141 1601 198 1650 tum
222 1599 249 1648 et
263 1601 376 1667 paterno
399 1609 429 1648 se
450 1589 548 1648 affectu
564 1590 725 1666 diligentem,
749 1591 845 1666 quiin
867 1591 946 1648 domo
962 1589 1066 1646 Servilii
1080 1587 1216 1648 didicerat,

140 1694 156 1734 a
178 1694 233 1752 quo
255 1677 370 1751 agellum
393 1685 592 1751 comparaverat
612 1676 717 1734 indulto
733 1676 782 1733 sibi
798 1677 885 1751 pretio
902 1676 1050 1749 aliquanto.
1123 1674 1140 1730 3
1161 1687 1218 1728 non

139 1771 187 1827 tu,
216 1763 319 1836 inquit,
349 1779 380 1818 ea
400 1763 490 1837 poscis
513 1762 595 1818 emaci
616 1779 712 1836 prece,
742 1779 811 1836 quae
839 1762 889 1818 nisi
917 1767 1022 1817 secreto
1053 1758 1141 1833 optari
1161 1773 1218 1813 non

139 1855 258 1921 possunt
284 1855 398 1920 propter
427 1846 654 1919 turpitudinem
648 1846 730 1920 ipsius
759 1847 827 1912 voti;
859 1846 906 1903 sed
934 1845 978 1901 illa
1005 1844 1107 1901 scilieet
1127 1851 1219 1917 aperte

141 1929 221 2005 petis,
246 1947 314 2004 quae
335 1929 422 1987 bonae
443 1931 505 1988 fidei
526 1938 600 1986 sunt.
644 1940 671 1987 et
693 1932 840 1988 notandum
856 1947 937 2006 prece
951 1946 1064 1986 numero
1079 1927 1217 2002 singulari,

141 2023 173 2073 ut
195 2015 321 2072 Horatius
350 2014 406 2090 [od.
433 2019 465 2081 1,
490 2016 525 2082 2,
549 2005 644 2090 26]‘
646 2033 728 2090 prece
757 2033 810 2090 qua
842 2014 956 2090 fatigent
983 2013 1100 2088 virgines
1128 2029 1219 2068 sacrae

142 2101 231 2157 minus
253 2095 431 2158 audientem'.
540 2101 642 2175 4quia
664 2110 762 2176 putant
789 2101 867 2176 impia
889 2099 1059 2175 postulantes
1081 2097 1220 2172 promissis

142 2186 213 2242 votis
240 2187 353 2242 deorum
380 2186 510 2244 redimere
537 2186 699 2244 voluntates.
809 2191 826 2246 5
854 2203 961 2252 acerra,
989 2193 1082 2260 patera
1110 2183 1139 2238 in
1168 2198 1221 2257 qua

143 2270 253 2367 libatum
307 2271 439 2344 Vergibus
469 2269 549 2345 [Aeo.
581 2275 609 2334 5,
644 2275 660 2329 7
666 2266 754 2346 45]
762 2283 788 2330 et
819 2271 900 2346 plena
930 2270 1044 2344 supplex
1077 2276 1222 2325 veneratur

120 2341 263 2434 ,acerra'.
307 2363 354 2411 aut
374 2371 465 2411 aoerra
487 2372 547 2412 area
569 2357 647 2412 turis.
698 2357 779 2413 tacita
799 2373 890 2412 aoerra
913 2365 1002 2412 autem
1024 2355 1062 2411 ait
1082 2371 1132 2429 pro
1154 2353 1221 2428 ipsis

144 2439 241 2504 tacitis,
265 2439 312 2512 qui
332 2438 394 2495 ideo
416 2438 503 2512 palam
525 2456 581 2495 non
604 2447 697 2505 orant,
728 2458 762 2497 ue
784 2441 875 2514 iniqua
896 2457 990 2496 eorum
1013 2439 1106 2534 petitio
1128 2439 1223 2495 audia-

145 2534 201 2582 tur.
313 2527 350 2582 10
373 2523 523 2598 bypallage.
566 2541 622 2581 non
651 2523 818 2598 praeclarum
847 2525 945 2589 funus,
975 2524 1023 2580 sed
1051 2524 1114 2596 quia
1140 2539 1223 2596 prae-

146 2609 243 2666 claram
265 2609 310 2665 dat
331 2609 515 2666 hereditatem.
557 2609 601 2666 vel
628 2611 795 2683 praeclarum
819 2610 901 2666 funus
923 2609 946 2665 si
967 2617 1082 2684 patruus
1104 2607 1221 2664 ebulliat.

147 2694 260 2751 ebullire
282 2703 371 2750 autem
392 2695 502 2768 proprie
525 2694 677 2770 exspirare,
701 2694 856 2770 metaphora
878 2703 986 2768 sumpta
1007 2711 1021 2750 a
1043 2692 1131 2758 bulla,
1154 2709 1223 2767 quae

146 2779 236 2853 aliquo
257 2779 331 2836 venti
353 2789 445 2836 tenore
467 2789 642 2837 sustentatur.
686 2798 755 2854 quae
783 2779 871 2838 bullae
899 2798 959 2837 cum
988 2779 1016 2836 in
1046 2795 1114 2854 aqua
1142 2777 1221 2844 fiunt,

147 2864 304 2922 cadentibus
326 2864 410 2936 guttis
430 2875 595 2938 rumpuntur
618 2873 645 2922 et
666 2865 788 2940 spiritum
812 2884 866 2940 quo
890 2865 1065 2922 eontinentur
1086 2865 1222 2921 emittunt.

147 2967 181 3006 ex
201 2966 256 3023 quo
279 2948 356 3016 etiam
379 2949 582 3024 proverbialiter
608 2947 705 3007 dicitur
723 2940 818 3007 ‘bomo
840 2951 914 3009 bulla
936 2960 976 3008 est
984 2945 1004 3007 ³.
1094 2953 1129 3007 11
1154 2949 1223 3007 seria

148 3033 250 3090 dolium
271 3033 351 3090 fictile
374 3033 530 3108 oblongum.
641 3038 678 3093 12
701 3053 756 3092 non
786 3036 880 3110 utique
901 3038 977 3092 cuius
1000 3043 1076 3091 tutor
1097 3035 1146 3098 sit,
1176 3035 1223 3091 sed

147 3133 263 3192 puerum
284 3119 371 3192 adbuc
391 3121 462 3176 intra
482 3119 627 3195 pupillares
649 3136 735 3177 annos
757 3122 932 3177 constitutum
962 3129 989 3177 et
1016 3120 1137 3176 nondum
1159 3137 1224 3178 suae

148 3201 265 3267 tutelae,
294 3203 369 3260 cuius
391 3205 527 3261 secundus
548 3205 626 3262 heres
648 3204 811 3263 substitutus
833 3215 890 3270 est,
918 3207 941 3262 si
963 3204 1100 3263 efferatur.
1144 3223 1224 3280 quem

148 3285 301 3344 scabiosum
315 3287 495 3364 biliosumque
509 3298 537 3347 et
549 3290 672 3346 vitiosum
688 3292 748 3348 ideo
764 3292 834 3356 dicit,
859 3302 992 3366 tamquam
1014 3309 1046 3348 ex
1067 3291 1119 3348 hoe
1134 3299 1225 3364 speret

149 3373 264 3430 celerius
285 3372 456 3430 moriturum.
567 3377 603 3433 13
626 3385 742 3433 tractum
763 3394 778 3434 a
800 3376 942 3442 militibus,
967 3377 1013 3451 qui
1035 3375 1162 3451 expuncti
1184 3375 1224 3431 di-

149 3467 265 3523 cuntur,
289 3459 352 3514 dum
373 3457 447 3515 foras
469 3475 483 3515 a
504 3460 595 3517 militia
618 3463 787 3519 emittuntur.
850 3462 1008 3536 metaphora
1036 3477 1051 3517 a
1080 3458 1167 3525 bello,
1195 3460 1224 3516 in

150 3558 205 3618 quo
228 3544 340 3600 cadente
362 3544 408 3617 qui
428 3545 531 3620 primus
550 3555 599 3609 est,
623 3547 838 3604 succenturiatur
852 3546 928 3604 alius.
971 3546 1061 3604 itidem
1075 3545 1103 3602 in
1118 3547 1224 3622 stipen-

237 3709 369 3759 3mnrum
388 3715 412 3759 α
494 3708 608 3762 5th
690 3709 768 3762 liba'
905 3709 992 3764 odat
981 3714 1033 3762 tot
1113 3725 1225 3763 murmur

152 3773 307 3842 humibsque
327 3781 351 3826 α
421 3780 541 3844 ‘laperte
559 3784 583 3828 α
601 3778 699 3845 aperito
741 3782 885 3844 pr.10
902 3777 1226 3859 w&

230 3843 319 3912 Qud
339 3850 362 3895 ot
380 3848 488 3911 patra·
502 3845 630 3913 Ppatrno
646 3862 664 3911 p
683 3846 726 3898 uel
743 3845 842 3898 Ebullit
831 3848 943 3914 tpalmi
960 3848 1098 3912 margol’
1193 3850 1223 3899 ll

152 3913 234 4030 ἒξέιιᾶ
241 3911 324 4030 Pppm
343 3920 548 4050 estcrle’pddmdqcue
566 3916 714 4048 eslthpquanr
733 3921 757 3966 α
828 3917 859 3967 13
878 3929 1010 3983 expungas
1029 3921 1053 3965 α
1122 3928 1180 3965 nam
1199 3918 1226 3966 et
