2792 4444
181 155 221 215 26
663 155 766 212 PERSil

183 341 213 392 et
234 330 326 410 magis
347 329 456 392 auratis
477 329 614 410 pendens
635 329 823 409 laquearibus
843 331 923 392 ensis

185 433 351 496 purpureas
372 414 476 476 subter
497 415 625 476 cervices
647 416 761 486 terruit,
781 408 892 489 “imus,

183 501 260 562 imus
281 493 476 581 praeeipites”
502 517 589 578 quam
612 500 637 561 si
659 499 715 561 sihi
737 499 815 562 diem
836 509 865 562 et
886 501 968 562 intus

183 585 289 666 palleat
309 585 421 659 infelix,
444 585 523 664 quod
546 585 678 664 proxima
701 585 813 647 nesciat
834 583 932 646 uxori

203 670 908 817 ..tttittetdistitutis*
930 669 1015 745 ’ὤό

38 773 297 938 5t‘„,.{,t.ii{iscere
319 847 348 901 et
369 840 474 920 insano
496 841 622 902 multum
644 839 787 902 laudanda
810 840 959 920 magistro,

182 942 257 1003 qrrae
278 934 362 1005 pater
383 925 516 986 adductis
537 925 646 987 sudans
667 926 782 986 audiret
803 926 913 986 amieis

186 1011 250 1071 iure
273 1010 381 1071 etenim
404 1010 433 1070 id
455 1027 611 1085 summum,
635 1009 705 1089 quid
728 1009 830 1072 dexter
852 1009 935 1072 senio
958 1011 1059 1084 ferret,

183 1094 260 1156 seire
282 1103 346 1155 erat
368 1095 398 1155 in
420 1102 498 1165 voto,
521 1095 660 1157 damnosa
683 1096 815 1157 canicula
838 1103 981 1174 quantum

184 1179 309 1252 raderet,
332 1188 473 1258 angustae
495 1179 571 1241 eollo
594 1199 656 1242 non
679 1180 772 1241 fallier
794 1197 891 1255 orcae,
1227 1187 1256 1238 tt

184 1283 244 1326 neu
266 1264 333 1343 quis
355 1263 487 1326 callidior
508 1264 621 1326 buxum
643 1273 783 1344 torquere
805 1265 930 1346 flagello.

184 1417 312 1484 tionibus,
335 1435 397 1476 cum
418 1437 447 1478 se
471 1420 557 1495 decipi
579 1420 739 1494 intellegunt
761 1435 811 1478 nec
833 1428 920 1477 tamen
942 1420 1115 1492 corriguntur
1136 1425 1166 1476 st
1184 1415 1254 1491 apud

184 1521 214 1562 se
234 1506 270 1562 ita
291 1515 469 1578 murmurant,
491 1513 522 1562 ut
545 1521 595 1562 nee
615 1505 744 1562 uxoribus
766 1505 883 1568 eradant.
907 1513 938 1562 ut
958 1513 1092 1562 meretum
1114 1517 1208 1560 eorum
1223 1515 1256 1558 aa

184 1591 294 1664 nesciat,
317 1607 386 1664 quae
406 1590 475 1646 scire
497 1587 648 1648 debuerat?
750 1593 790 1648 44
812 1591 918 1660 merito,
941 1590 1035 1664 inquit,
1058 1587 1121 1646 mihi
1143 1587 1256 1662 lippitu-

186 1674 275 1731 dinem
295 1674 472 1746 accumbam,
497 1691 531 1731 ne
553 1675 660 1732 Catonis
675 1673 871 1732 deliberativam
884 1675 1032 1740 recitarem,
1056 1682 1148 1730 utram
1162 1687 1256 1729 mera·

184 1768 260 1815 retur
281 1775 315 1815 an
337 1775 403 1832 non,
424 1769 471 1816 aut
492 1759 590 1834 quibus
610 1759 697 1818 verbis
712 1760 752 1816 uti
766 1760 865 1835 potnit,
888 1775 950 1817 cum
965 1775 995 1816 se
1010 1759 1156 1816 destinaret
1168 1759 1257 1814 inter-

186 1844 276 1902 fioere.
342 1843 412 1902 oculi
433 1854 522 1902 autem
544 1845 604 1902 oleo
626 1847 688 1902 tacti
703 1844 933 1920 perturbabantur
952 1845 985 1902 ad
1006 1852 1121 1918 tenpus,
1143 1851 1175 1900 st
1196 1852 1258 1898 tur·

184 1927 253 1986 batis
274 1929 359 1986 oculis
380 1930 412 1986 ad
434 1930 553 1988 scholam
575 1947 630 1988 non
653 1931 715 1988 iret.
801 1931 841 1988 46
864 1947 919 1987 nnn
942 1945 1007 1986 uuo
1022 1945 1058 1985 m.
1075 1928 1092 1985 Ι.
1108 1946 1144 1986 m.
1167 1925 1195 1985 id
1217 1933 1259 1984 est

185 2015 262 2072 nimis
290 2031 371 2080 sano,
401 2024 433 2073 nt
461 2023 502 2072 est
530 2015 597 2072 iilud
617 2015 725 2088 Vergilii
753 2013 833 2089 [den.
858 2017 886 2086 3,
909 2013 983 2088 443]
1007 2004 1139 2070 ‘insanam
1170 2020 1259 2069 ratem

185 2087 311 2174 aspicies‘
346 2115 397 2173 pro
426 2100 501 2156 valde
528 2117 627 2156 sanam.
677 2107 724 2156 sut
753 2110 826 2156 certe
853 2100 963 2164 insano,
993 2100 1038 2173 qui
1064 2097 1259 2172 discipulorum

183 2201 296 2240 suorum
318 2185 432 2239 carmina
454 2184 594 2248 nudabat,
618 2201 679 2240 oum
701 2184 815 2241 aiiornm
838 2183 986 2242 debuerant
1005 2181 1103 2241 iudicio
1126 2195 1258 2256 compro·-

183 2266 251 2324 bari.
338 2270 378 2327 48
402 2269 524 2325 dextrum
545 2269 683 2326 senionem
705 2270 769 2326 dicit
789 2270 947 2344 propitium,
969 2271 1030 2344 quis
1051 2268 1078 2324 in
1099 2267 1171 2326 iactu
1184 2265 1259 2324 talo·

183 2369 245 2409 rum
266 2369 372 2428 semper
393 2353 457 2410 boni
479 2354 579 2428 aliquid
600 2354 687 2412 affert.
709 2363 756 2412 aut
778 2355 853 2412 senio
874 2357 958 2412 maior
979 2354 1085 2411 missus.
1107 2361 1138 2410 ut
1153 2367 1255 2409 scaeva.

268 2438 315 2495 tali
335 2439 364 2494 in
385 2439 437 2496 hoc
458 2439 519 2497 loco
543 2449 597 2497 tres
627 2449 742 2498 tesserae
769 2449 834 2497 sunt
862 2455 1004 2497 numerum
1033 2439 1192 2513 impressum
1212 2445 1257 2494 te-

186 2533 281 2582 nentes
302 2524 330 2580 in
351 2524 417 2581 alea.
446 2526 521 2581 senio
543 2533 633 2582 autem
659 2535 687 2582 et
716 2525 836 2582 canicula
859 2535 888 2581 et
906 2525 997 2582 Venus
1018 2524 1127 2598 propria
1148 2523 1256 2580 nomina

183 2609 267 2665 notus
291 2619 452 2666 tesserarum
473 2618 548 2666 snat.
584 2609 659 2666 verbi
681 2610 774 2682 gratia,
798 2609 862 2666 dum
885 2618 940 2666 tres
961 2609 1018 2666 seni
1040 2609 1211 2682 proveniant,
1232 2608 1255 2663 is

184 2694 270 2750 iactus
293 2694 369 2749 senio
390 2703 441 2749 est.
485 2694 588 2767 inquo
614 2695 762 2750 notandum
789 2693 852 2768 quia
878 2693 1013 2752 interdum
1041 2694 1121 2750 etiarn
1149 2700 1189 2751 est
1216 2693 1256 2748 si-

186 2778 278 2834 nister.
323 2777 386 2833 dnm
408 2793 471 2834 vero
494 2787 549 2834 tres
571 2779 633 2844 uni,
659 2779 786 2836 canicule.
831 2779 918 2836 Venus
945 2791 1049 2844 autem,
1080 2779 1144 2835 dnm
1171 2778 1256 2834 iactans

183 2862 255 2918 iuxta
276 2862 407 2918 rationem
429 2863 533 2918 numeri
555 2863 655 2936 optime
677 2871 867 2928 conectuntur,
891 2879 971 2938 qnam
993 2865 1167 2920 conexionem
1189 2863 1254 2919 unio

184 2946 209 3002 id
233 2955 274 3004 est
295 2946 413 3004 canicula
435 2948 462 3003 in
484 2947 538 3004 dne
559 2946 664 3005 tabulae
686 2947 793 3006 eidcere
814 2948 892 3006 solet.
999 2951 1039 3007 49
1063 2947 1182 3006 ossicula
1205 2963 1254 3021 pro

185 3048 266 3096 cans,
297 3049 366 3106 quae
393 3033 421 3088 in
449 3032 558 3090 calculis
587 3049 618 3090 ex
646 3036 717 3092 omni
746 3033 816 3092 iaetu
845 3035 961 3091 talorum
990 3034 1109 3108 quinque
1130 3031 1253 3097 detrabit,

184 3127 293 3190 excepta
314 3117 434 3190 Venere,
462 3118 488 3173 in
517 3135 570 3192 qua
591 3119 649 3176 sola
670 3119 790 3193 prodest.
835 3119 955 3176 canicula
976 3135 1062 3193 genus
1084 3118 1155 3176 aieae
1178 3117 1253 3191 quod

185 3201 218 3257 de
240 3217 353 3258 numero
375 3202 494 3277 quinque
519 3204 668 3260 subtrahat.
756 3207 794 3262 50
818 3203 888 3260 cotio
917 3206 1062 3279 amphorae
1090 3219 1122 3260 ex
1148 3203 1255 3259 distanti

185 3285 246 3343 loco
269 3287 306 3344 ait
326 3303 409 3344 nutes
430 3287 543 3351 mittere,
566 3297 597 3344 ut
617 3305 712 3346 manus
734 3306 789 3346 non
805 3299 886 3346 erret.
909 3291 956 3364 qtri
971 3288 1050 3347 ludus
1065 3288 1165 3363 ubique
1180 3287 1255 3344 nale-
1347 3331 1364 3356 ,,

183 3370 287 3430 bratur.
309 3373 346 3430 ita
368 3381 491 3447 praestat,
514 3390 576 3429 oum
597 3383 672 3430 extra
686 3374 786 3432 collum
799 3375 893 3430 missas
910 3389 991 3431 nuces
1006 3373 1123 3448 colligat.
1187 3371 1253 3429 luds

184 3473 284 3514 nucum
306 3473 384 3514 orcae
406 3457 504 3514 collum
531 3459 654 3532 ponitur,
685 3467 712 3516 et
741 3460 787 3536 qui
818 3469 892 3516 certo
920 3460 991 3517 iactu
1019 3459 1079 3517 iacit
1104 3459 1131 3514 in
1160 3455 1254 3515 ecdem

185 3540 264 3606 coilo,
290 3543 373 3600 victor
394 3543 490 3600 existit.

269 3705 301 3756 45
320 3705 442 3757 morituro
461 3705 538 3758 uerba
557 3705 642 3758 catoni
660 3705 784 3758 IiicereP
849 3709 882 3760 46
894 3713 920 3759 et
931 3708 1022 3759 insano
1035 3714 1072 3759 a:
1094 3721 1144 3759 non
1159 3720 1221 3759 sano
1235 3705 1258 3755 P

271 3774 304 3826 48
323 3787 423 3824 summo
441 3779 467 3824 et
489 3774 571 3826 [cruet
590 3779 624 3825 a:
650 3787 776 3826 summum
801 3779 827 3825 et
849 3776 927 3828 ferret
950 3780 1030 3828 ettam
1048 3778 1206 3828 humanus
1222 3773 1254 3824 de

185 3838 234 3904 dg.
251 3855 323 3892 num.
341 3841 357 3892 7
377 3841 456 3896 GLK.
474 3842 518 3893 ΙΙΙ
531 3858 558 3908 p.
576 3843 626 3894 415
695 3845 727 3895 50
740 3841 850 3896 Raderet
867 3849 893 3896 et
910 3851 1034 3910 angustae
1053 3845 1076 3896 Ρ
1141 3845 1171 3896 di
1192 3840 1254 3894 eali·

184 3907 248 3959 dnor
267 3913 290 3958 α
341 3913 487 3976 torquaeret
504 3916 529 3961 α
819 3918 821 3923 ’
