2792 4444
577 191 761 249 rnnurnrto
991 259 992 262 Ν
1052 198 1053 202 ¹
1165 192 1213 248 xv

139 366 283 446 balbeque
298 366 393 429 iocato
409 386 466 430 nec
482 368 614 449 potuisse
629 369 726 431 inesse
742 369 773 429 in
790 367 851 429 ullo
867 367 969 429 codice
983 374 1111 440 vetusto,
1134 367 1212 428 aliud

138 469 226 549 igitur
247 487 367 530 carmen
391 470 483 532 luisse
506 471 535 532 id
558 471 638 550 quod
661 471 750 550 paulo
772 475 1008 550 anterepertum
1025 469 1135 531 esseio
1152 468 1211 530 llo·

138 572 231 634 mensi
253 581 401 644 narratur,
424 582 522 634 minen
539 574 569 634 in
585 574 664 634 hano
680 589 800 653 quoque
816 572 975 634 editionem
990 571 1101 652 recepi,
1124 588 1211 650 prae-

138 675 236 736 sertim
259 691 329 736 cum
351 675 464 755 primus
487 693 551 737 eam
574 675 694 737 Iahnius
716 675 901 738 recensuerit
923 690 959 736 ex
982 674 1052 735 artis
1075 673 1209 735 formula.

138 777 281 840 editiones
303 793 393 856 supra
416 778 535 857 scriptis
557 787 748 840 accesserunt
762 777 859 839 Bootii
873 775 1097 856 (Amstelodami
1116 777 1209 853 1868)

137 879 185 957 qui
207 887 290 940 recte
311 878 349 939 ab
372 878 545 958 antiquitate
568 881 749 960 poematium
771 879 964 953 abiudicavit,
988 887 1017 939 et
1039 877 1210 938 Bnehrcnsii

137 980 236 1058 (lenae
259 982 352 1056 1873,
377 990 455 1061 poet.
474 982 522 1044 lat
538 983 609 1043 min.
626 982 650 1041 V
666 1001 694 1062 p.
712 982 765 1059 91)
789 983 839 1061 qui
863 990 1011 1070 tamqnam
1035 979 1072 1041 ab
1095 978 1209 1040 schola-

136 1081 209 1143 stico
232 1082 362 1144 insamae
384 1083 567 1162 antiquitatis
588 1085 690 1146 lictum
712 1084 840 1144 retinuit.

220 1184 324 1246 dabam
347 1184 469 1247 bonnae
491 1203 593 1248 mense
616 1184 702 1248 lunio
724 1202 750 1247 3.
775 1185 867 1251 1886.

139 1534 145 1541 .
218 1489 317 1551 Norae
342 1491 480 1554 editionis
502 1509 589 1552 causa
612 1491 742 1551 codicem
768 1489 830 1550 Pa
853 1489 1098 1550 bibliothecarum
1122 1505 1208 1566 prae-

134 1591 220 1652 lectis
233 1591 560 1684 liontepessulanarum
580 1593 653 1654 mibi
676 1592 835 1654 liberaliter
851 1592 1068 1654 commodatum
1085 1591 1148 1670 ipse
1164 1590 1208 1650 di-

134 1692 259 1770 ligenter
281 1695 405 1768 contuli,
427 1695 526 1774 itaque
549 1703 578 1756 et
600 1712 720 1778 errores
740 1695 891 1772 corrigere
913 1713 974 1755 non
991 1693 1088 1755 nullos
1105 1691 1208 1754 311113-

133 1795 314 1873 crepantiam
337 1797 500 1878 scripturae
523 1796 689 1876 pleniorem
705 1813 877 1877 proponere
892 1796 983 1857 licuit
1000 1796 1161 1857 subcinctus
1178 1803 1208 1855 et

132 1899 292 1958 succinctae
313 1897 426 1958 alterna
449 1899 516 1959 talia
539 1916 682 1978 expressa
702 1917 766 1960 esse
788 1917 824 1960 ex
847 1897 874 1958 P
893 1899 977 1960 scito.

218 1998 248 2058 in
273 1998 374 2060 Persio
398 1999 425 2060 P
444 2009 474 2061 et
496 2023 519 2063 α
532 1999 576 2062 313
590 2000 709 2061 differre
724 2000 783 2061 diri
798 2000 893 2062 musei
908 2000 993 2060 rben.
1009 1999 1072 2060 XLl
1087 2019 1117 2080 p.
1134 2004 1207 2074 454,

131 2112 164 2161 ut
186 2100 232 2162 illa
254 2103 390 2163 recensio
406 2104 594 2182 grammatica
609 2113 673 2164 3113
689 2105 857 2164 emendatas
876 2103 1027 2182 tutelaque
1046 2104 1208 2166 custoditas

130 2211 243 2266 saturas
261 2205 409 2280 exhibeat,
431 2207 504 2268 baec
518 2208 549 2268 in
567 2223 623 2287 qua
640 2207 741 2268 Sabini
758 2224 867 2267 nomen
885 2217 973 2286 atque
989 2205 1206 2268 emendationis

129 2306 271 2366 memoria
302 2307 445 2368 remansit
473 2309 503 2368 in
532 2307 707 2387 quibusdam
736 2309 861 2389 propius
890 2309 1004 2370 absita
1026 2327 1105 2369 vero.
1128 2308 1207 2368 velot

130 2405 314 2468 oholiambos
337 2427 427 2468 nemo
450 2409 570 2488 negabit
590 2419 741 2489 praestare
759 2410 885 2471 reiectos
901 2411 931 2470 in
948 2427 1016 2470 cum
1032 2411 1129 2471 locum
1147 2427 1205 2488 quo

128 2508 186 2568 vita
208 2508 291 2570 Persi
315 2520 433 2572 narrata
455 2520 532 2586 erat,
556 2529 643 2591 quarn
667 2512 850 2592 praepositos
872 2511 985 2590 primae
1007 2521 1138 2582 saturae,
1160 2511 1206 2571 vel

129 2612 151 2670 V
170 2613 211 2674 84
243 2613 273 2672 in
297 2613 471 2675 definitione
493 2613 636 2676 libertatis
657 2615 742 2694 gnari
765 2614 850 2676 lacile
872 2614 1047 2692 intellegent
1067 2625 1100 2675 31
1122 2613 1207 2674 libuit

128 2715 239 2776 rectius
261 2716 332 2776 ferri
355 2735 443 2796 quam
464 2727 498 2780 31
523 2718 623 2781 volort.
646 2719 677 2780 in
700 2719 764 2780 aliis
786 2718 914 2797 eligendi
937 2718 1017 2797 optio
1037 2727 1070 2778 ut
1085 2717 1206 2778 labnius

128 2833 219 2894 supra
241 2817 360 2898 scripsit
381 2819 494 2880 incerta
516 2820 611 2895 datur,
634 2821 665 2882 in
688 2821 753 2883 aliis
775 2845 796 2884 o
818 2831 937 2901 praeter
959 2820 1088 2881 immane
1110 2820 1205 2898 scrip·

128 2926 213 2979 turae
236 2921 391 2982 cacoethes
414 2922 501 2983 etiam
517 2923 619 2985 fucosa
635 2939 670 2984 ac
685 2923 796 2984 lallacia
812 2922 932 2984 tradidit
948 2929 979 2982 ut
995 2920 1125 2983 ostendit
1140 2920 1204 2981 lob.

128 3019 236 3100 Bieger
265 3023 313 3102 (de
334 3023 428 3085 Persii
451 3025 552 3086 codice
575 3025 737 3086 Pitbceano
761 3025 890 3086 berolini
917 3024 1020 3100 1890).
1065 3024 1216 3102 quocirca.

128 3139 200 3182 cum
221 3124 380 3186 editionem
402 3126 472 3187 libri
485 3127 521 3188 ad
538 3128 616 3189 banc
632 3145 713 3189 nuno
727 3127 825 3208 legem
839 3126 1035 3198 formaverim,
1059 3134 1094 3186 ot
1106 3125 1203 3204 quoad

127 3242 179 3286 res
200 3243 311 3288 summa
334 3237 486 3307 pateretur
507 3230 690 3310 grammatici
712 3229 817 3292 tutoris
832 3247 974 3309 sequerer
989 3229 1203 3299 auctoritatem,

126 3336 282 3406 potestat
303 3330 339 3391 de
362 3349 433 3391 nero
454 3331 561 3411 aliquid
585 3333 649 3412 ipsa
670 3333 735 3413 lege
758 3332 930 3410 derogatum
946 3330 983 3392 sit
999 3351 1021 3393 α
1035 3327 1203 3409 posthabito

126 3428 206 3490 ultra
230 3448 317 3508 quam
340 3434 409 3494 satis
426 3443 497 3494 erat.
520 3435 688 3516 exemplum
704 3435 742 3496 do
758 3433 942 3496 cononrionis
958 3449 1067 3494 nomen
1085 3431 1107 3490 V
1126 3432 1202 3494 190:

126 3531 243 3592 bonum
267 3533 444 3612 Pulfcnnius
466 3539 545 3617 quod
568 3557 604 3599 ex
627 3537 653 3598 P
674 3537 759 3611 edidi,
782 3537 835 3598 sed
857 3535 961 3598 melius
983 3535 1107 3596 tortasse
1124 3533 1203 3613 quod

126 3632 159 3694 in
179 3657 200 3695 o
215 3643 260 3695 est
271 3633 446 3713 Fulfennt'es
457 3648 491 3699 nt
502 3639 631 3700 Tuscum
643 3657 677 3700 ac
689 3639 782 3719 magis
797 3638 884 3699 etiam
900 3657 916 3698 3
929 3636 1047 3697 Graecis
1063 3635 1201 3695 alienum.

215 3735 382 3799 Iuvenalem
404 3748 539 3802 tenemus
555 3760 571 3802 a
586 3741 694 3803 Nicaeo
710 3741 900 3813 recensitum,
923 3739 1008 3799 cuius
1023 3735 1202 3815 subscriptio

125 3837 226 3917 primo
251 3839 326 3900 libro
349 3841 519 3922 subsignata
541 3845 571 3905 in
595 3845 753 3925 archetypo
775 3843 807 3904 in
824 3841 950 3923 Pperiit
965 3859 1024 3901 una
1040 3857 1107 3900 cum
1124 3855 1205 3898 com·

126 3941 283 4004 meritoriis
305 3945 434 4024 antiquis
456 3947 574 4029 seriptis
596 3947 627 4009 in
643 3946 762 4010 exordio
778 3945 844 4006 libri
859 3943 991 4006 secundi.
1008 3937 1203 4022 locupletissi-
