<?xml version="1.0" encoding="UTF-8"?>
<!DOCTYPE html PUBLIC "-//W3C//DTD XHTML 1.0 Transitional//EN"
    "http://www.w3.org/TR/xhtml1/DTD/xhtml1-transitional.dtd">
<html xmlns="http://www.w3.org/1999/xhtml" xml:lang="en" lang="en">
 <head>
  <title>
</title>
<meta http-equiv="Content-Type" content="text/html;charset=utf-8" />
  <meta name='ocr-system' content='tesseract 3.04.00' />
  <meta name='ocr-capabilities' content='ocr_page ocr_carea ocr_par ocr_line ocrx_word'/>
</head>
<body>
  <div class='ocr_page' id='page_1' title='image "apersiiflaccidi01sulpgoog_0015.png"; bbox 0 0 2792 4444; ppageno 0'>
   <div class='ocr_carea' id='block_1_1' title="bbox 187 175 812 230">
    <p class='ocr_par' dir='ltr' id='par_1_1' title="bbox 187 175 812 230">
     <span class='ocr_line' id='line_1_1' title="bbox 187 175 812 230; baseline -0.003 0"><span class='ocrx_word' id='word_1_1' title='bbox 187 175 209 230; x_wconf 85' lang='lat' dir='ltr'>x</span> <span class='ocrx_word' id='word_1_2' title='bbox 628 175 812 229; x_wconf 74' lang='lat' dir='ltr'>rnnurnrlc</span> 
     </span>
    </p>
   </div>
   <div class='ocr_carea' id='block_1_2' title="bbox 187 346 1268 2066">
    <p class='ocr_par' dir='ltr' id='par_1_2' title="bbox 187 346 1268 2066">
     <span class='ocr_line' id='line_1_2' title="bbox 187 346 1264 428; baseline 0 -18"><span class='ocrx_word' id='word_1_3' title='bbox 187 348 276 425; x_wconf 85' lang='lat' dir='ltr'>longe</span> <span class='ocrx_word' id='word_1_4' title='bbox 298 346 421 409; x_wconf 89' lang='lat' dir='ltr'>ulterius</span> <span class='ocrx_word' id='word_1_5' title='bbox 444 347 475 408; x_wconf 93' lang='lat' dir='ltr'>in</span> <span class='ocrx_word' id='word_1_6' title='bbox 498 349 552 410; x_wconf 89' lang='lat' dir='ltr'>hac</span> <span class='ocrx_word' id='word_1_7' title='bbox 575 349 619 410; x_wconf 90' lang='lat' dir='ltr'>via</span> <span class='ocrx_word' id='word_1_8' title='bbox 642 366 818 428; x_wconf 80' lang='lat' dir='ltr'>progressus</span> <span class='ocrx_word' id='word_1_9' title='bbox 841 358 886 411; x_wconf 86' lang='lat' dir='ltr'>est</span> <span class='ocrx_word' id='word_1_10' title='bbox 908 348 978 411; x_wconf 84' lang='lat' dir='ltr'>Otto</span> <span class='ocrx_word' id='word_1_11' title='bbox 1001 347 1191 422; x_wconf 83' lang='lat' dir='ltr'>llibbeclrius‚</span> <span class='ocrx_word' id='word_1_12' title='bbox 1215 350 1264 428; x_wconf 89' lang='lat' dir='ltr'>qui</span> 
     </span>
     <span class='ocr_line' id='line_1_3' title="bbox 188 449 1263 525; baseline 0 -13"><span class='ocrx_word' id='word_1_13' title='bbox 188 469 256 512; x_wconf 91' lang='lat' dir='ltr'>cum</span> <span class='ocrx_word' id='word_1_14' title='bbox 286 457 399 512; x_wconf 88' lang='lat' dir='ltr'>saturas</span> <span class='ocrx_word' id='word_1_15' title='bbox 428 449 454 510; x_wconf 86' lang='lat' dir='ltr'>X</span> <span class='ocrx_word' id='word_1_16' title='bbox 483 450 536 512; x_wconf 87' lang='lat' dir='ltr'>Xll</span> <span class='ocrx_word' id='word_1_17' title='bbox 558 450 626 512; x_wconf 88' lang='lat' dir='ltr'>lllll</span> <span class='ocrx_word' id='word_1_18' title='bbox 648 450 723 516; x_wconf 76' lang='lat' dir='ltr'>xlv,</span> <span class='ocrx_word' id='word_1_19' title='bbox 742 450 792 512; x_wconf 84' lang='lat' dir='ltr'>XV</span> <span class='ocrx_word' id='word_1_20' title='bbox 820 451 885 513; x_wconf 85' lang='lat' dir='ltr'>XVI</span> <span class='ocrx_word' id='word_1_21' title='bbox 914 452 1044 514; x_wconf 83' lang='lat' dir='ltr'>luvenali</span> <span class='ocrx_word' id='word_1_22' title='bbox 1075 450 1263 525; x_wconf 87' lang='lat' dir='ltr'>abiudicaret,</span> 
     </span>
     <span class='ocr_line' id='line_1_4' title="bbox 188 552 1263 634; baseline 0.002 -20"><span class='ocrx_word' id='word_1_23' title='bbox 188 561 222 614; x_wconf 93' lang='lat' dir='ltr'>ut</span> <span class='ocrx_word' id='word_1_24' title='bbox 242 571 259 613; x_wconf 91' lang='lat' dir='ltr'>a</span> <span class='ocrx_word' id='word_1_25' title='bbox 283 552 479 614; x_wconf 80' lang='lat' dir='ltr'><strong>declamatore</strong></span> <span class='ocrx_word' id='word_1_26' title='bbox 503 553 602 633; x_wconf 88' lang='lat' dir='ltr'>aliquo</span> <span class='ocrx_word' id='word_1_27' title='bbox 619 553 788 616; x_wconf 89' lang='lat' dir='ltr'>luvenalem</span> <span class='ocrx_word' id='word_1_28' title='bbox 809 554 943 616; x_wconf 82' lang='lat' dir='ltr'>imitante</span> <span class='ocrx_word' id='word_1_29' title='bbox 966 553 1159 634; x_wconf 84' lang='lat' dir='ltr'>conscriptas,</span> <span class='ocrx_word' id='word_1_30' title='bbox 1183 565 1263 633; x_wconf 89' lang='lat' dir='ltr'>post·</span> 
     </span>
     <span class='ocr_line' id='line_1_5' title="bbox 187 656 1263 735; baseline 0.001 -18"><span class='ocrx_word' id='word_1_31' title='bbox 187 673 276 734; x_wconf 85' lang='lat' dir='ltr'>quam</span> <span class='ocrx_word' id='word_1_32' title='bbox 300 656 447 733; x_wconf 89' lang='lat' dir='ltr'>permulta</span> <span class='ocrx_word' id='word_1_33' title='bbox 470 674 505 718; x_wconf 82' lang='lat' dir='ltr'>ex</span> <span class='ocrx_word' id='word_1_34' title='bbox 521 656 643 735; x_wconf 86' lang='lat' dir='ltr'>reliquis</span> <span class='ocrx_word' id='word_1_35' title='bbox 657 656 764 718; x_wconf 86' lang='lat' dir='ltr'>saturis</span> <span class='ocrx_word' id='word_1_36' title='bbox 779 656 908 730; x_wconf 87' lang='lat' dir='ltr'>seclusit,</span> <span class='ocrx_word' id='word_1_37' title='bbox 932 674 1007 735; x_wconf 90' lang='lat' dir='ltr'>quae</span> <span class='ocrx_word' id='word_1_38' title='bbox 1022 664 1144 730; x_wconf 85' lang='lat' dir='ltr'>restant,</span> <span class='ocrx_word' id='word_1_39' title='bbox 1167 674 1263 718; x_wconf 83' lang='lat' dir='ltr'>veram</span> 
     </span>
     <span class='ocr_line' id='line_1_6' title="bbox 188 757 1264 838; baseline 0.003 -22"><span class='ocrx_word' id='word_1_40' title='bbox 188 757 333 820; x_wconf 90' lang='lat' dir='ltr'>luvenalis</span> <span class='ocrx_word' id='word_1_41' title='bbox 348 757 517 836; x_wconf 80' lang='lat' dir='ltr'>imaginem,</span> <span class='ocrx_word' id='word_1_42' title='bbox 540 776 628 837; x_wconf 91' lang='lat' dir='ltr'>quam</span> <span class='ocrx_word' id='word_1_43' title='bbox 653 759 752 821; x_wconf 87' lang='lat' dir='ltr'>nescio</span> <span class='ocrx_word' id='word_1_44' title='bbox 775 758 856 822; x_wconf 88' lang='lat' dir='ltr'>unde</span> <span class='ocrx_word' id='word_1_45' title='bbox 878 758 996 820; x_wconf 83' lang='lat' dir='ltr'>ductam</span> <span class='ocrx_word' id='word_1_46' title='bbox 1018 757 1118 838; x_wconf 85' lang='lat' dir='ltr'>animo</span> <span class='ocrx_word' id='word_1_47' title='bbox 1141 757 1197 820; x_wconf 90' lang='lat' dir='ltr'>sibi</span> <span class='ocrx_word' id='word_1_48' title='bbox 1219 759 1264 819; x_wconf 90' lang='lat' dir='ltr'>in-</span> 
     </span>
     <span class='ocr_line' id='line_1_7' title="bbox 190 860 1264 941; baseline 0.002 -21"><span class='ocrx_word' id='word_1_49' title='bbox 190 861 334 936; x_wconf 78' lang='lat' dir='ltr'>formavit,</span> <span class='ocrx_word' id='word_1_50' title='bbox 350 860 449 940; x_wconf 86' lang='lat' dir='ltr'>eliquo</span> <span class='ocrx_word' id='word_1_51' title='bbox 465 861 553 924; x_wconf 90' lang='lat' dir='ltr'>modo</span> <span class='ocrx_word' id='word_1_52' title='bbox 568 870 793 941; x_wconf 80' lang='lat' dir='ltr'>repraesentare</span> <span class='ocrx_word' id='word_1_53' title='bbox 808 861 932 924; x_wconf 86' lang='lat' dir='ltr'>censuit.</span> <span class='ocrx_word' id='word_1_54' title='bbox 970 861 1068 940; x_wconf 83' lang='lat' dir='ltr'>aliquo</span> <span class='ocrx_word' id='word_1_55' title='bbox 1084 861 1172 922; x_wconf 89' lang='lat' dir='ltr'>modo</span> <span class='ocrx_word' id='word_1_56' title='bbox 1188 860 1264 934; x_wconf 86' lang='lat' dir='ltr'>dico,</span> 
     </span>
     <span class='ocr_line' id='line_1_8' title="bbox 188 963 1265 1043; baseline 0 -19"><span class='ocrx_word' id='word_1_57' title='bbox 188 963 330 1042; x_wconf 86' lang='lat' dir='ltr'>quoniam</span> <span class='ocrx_word' id='word_1_58' title='bbox 353 963 429 1024; x_wconf 92' lang='lat' dir='ltr'>baud</span> <span class='ocrx_word' id='word_1_59' title='bbox 452 981 545 1043; x_wconf 88' lang='lat' dir='ltr'>pauca</span> <span class='ocrx_word' id='word_1_60' title='bbox 567 963 613 1025; x_wconf 91' lang='lat' dir='ltr'>vel</span> <span class='ocrx_word' id='word_1_61' title='bbox 634 964 665 1027; x_wconf 90' lang='lat' dir='ltr'>in</span> <span class='ocrx_word' id='word_1_62' title='bbox 689 963 826 1026; x_wconf 85' lang='lat' dir='ltr'>Iuvenale</span> <span class='ocrx_word' id='word_1_63' title='bbox 842 964 995 1028; x_wconf 80' lang='lat' dir='ltr'>decurtato</span> <span class='ocrx_word' id='word_1_64' title='bbox 1017 963 1168 1042; x_wconf 81' lang='lat' dir='ltr'>leguntur,</span> <span class='ocrx_word' id='word_1_65' title='bbox 1191 981 1265 1042; x_wconf 88' lang='lat' dir='ltr'>quae</span> 
     </span>
     <span class='ocr_line' id='line_1_9' title="bbox 190 1065 1265 1147; baseline 0.003 -22"><span class='ocrx_word' id='word_1_66' title='bbox 190 1083 251 1126; x_wconf 92' lang='lat' dir='ltr'>non</span> <span class='ocrx_word' id='word_1_67' title='bbox 275 1065 374 1126; x_wconf 88' lang='lat' dir='ltr'>minus</span> <span class='ocrx_word' id='word_1_68' title='bbox 389 1065 564 1143; x_wconf 89' lang='lat' dir='ltr'>displiceant</span> <span class='ocrx_word' id='word_1_69' title='bbox 581 1083 667 1145; x_wconf 81' lang='lat' dir='ltr'>quant</span> <span class='ocrx_word' id='word_1_70' title='bbox 684 1084 789 1128; x_wconf 85' lang='lat' dir='ltr'>corum</span> <span class='ocrx_word' id='word_1_71' title='bbox 811 1085 889 1145; x_wconf 86' lang='lat' dir='ltr'>quae</span> <span class='ocrx_word' id='word_1_72' title='bbox 904 1066 999 1128; x_wconf 89' lang='lat' dir='ltr'>eiecta</span> <span class='ocrx_word' id='word_1_73' title='bbox 1016 1074 1087 1128; x_wconf 87' lang='lat' dir='ltr'>sunt</span> <span class='ocrx_word' id='word_1_74' title='bbox 1098 1065 1178 1126; x_wconf 90' lang='lat' dir='ltr'>hona</span> <span class='ocrx_word' id='word_1_75' title='bbox 1190 1083 1265 1147; x_wconf 83' lang='lat' dir='ltr'>pars,</span> 
     </span>
     <span class='ocr_line' id='line_1_10' title="bbox 191 1167 1265 1248; baseline 0.002 -22"><span class='ocrx_word' id='word_1_76' title='bbox 191 1184 326 1245; x_wconf 88' lang='lat' dir='ltr'>quaeque</span> <span class='ocrx_word' id='word_1_77' title='bbox 348 1167 498 1230; x_wconf 90' lang='lat' dir='ltr'>deleturus</span> <span class='ocrx_word' id='word_1_78' title='bbox 512 1168 577 1241; x_wconf 82' lang='lat' dir='ltr'>fuit,</span> <span class='ocrx_word' id='word_1_79' title='bbox 603 1169 627 1230; x_wconf 93' lang='lat' dir='ltr'>si</span> <span class='ocrx_word' id='word_1_80' title='bbox 651 1169 722 1247; x_wconf 90' lang='lat' dir='ltr'>quid</span> <span class='ocrx_word' id='word_1_81' title='bbox 738 1167 890 1248; x_wconf 77' lang='lat' dir='ltr'>intellego,</span> <span class='ocrx_word' id='word_1_82' title='bbox 914 1167 1105 1241; x_wconf 87' lang='lat' dir='ltr'>Ribbeckius,</span> <span class='ocrx_word' id='word_1_83' title='bbox 1128 1168 1215 1230; x_wconf 88' lang='lat' dir='ltr'>modo</span> <span class='ocrx_word' id='word_1_84' title='bbox 1238 1168 1265 1228; x_wconf 94' lang='lat' dir='ltr'>id</span> 
     </span>
     <span class='ocr_line' id='line_1_11' title="bbox 189 1267 1267 1349; baseline 0.004 -23"><span class='ocrx_word' id='word_1_85' title='bbox 189 1267 253 1346; x_wconf 89' lang='lat' dir='ltr'>pari</span> <span class='ocrx_word' id='word_1_86' title='bbox 282 1268 419 1330; x_wconf 77' lang='lat' dir='ltr'>facilitate</span> <span class='ocrx_word' id='word_1_87' title='bbox 444 1269 521 1330; x_wconf 84' lang='lat' dir='ltr'>effici</span> <span class='ocrx_word' id='word_1_88' title='bbox 544 1269 698 1349; x_wconf 87' lang='lat' dir='ltr'>potuisset.</span> <span class='ocrx_word' id='word_1_89' title='bbox 749 1288 847 1349; x_wconf 84' lang='lat' dir='ltr'>neque</span> <span class='ocrx_word' id='word_1_90' title='bbox 875 1269 947 1330; x_wconf 90' lang='lat' dir='ltr'>mibi</span> <span class='ocrx_word' id='word_1_91' title='bbox 978 1279 1059 1332; x_wconf 88' lang='lat' dir='ltr'>certe</span> <span class='ocrx_word' id='word_1_92' title='bbox 1089 1269 1267 1330; x_wconf 80' lang='lat' dir='ltr'>Ribbecllus</span> 
     </span>
     <span class='ocr_line' id='line_1_12' title="bbox 191 1368 1265 1458; baseline 0.008 -30"><span class='ocrx_word' id='word_1_93' title='bbox 191 1368 278 1443; x_wconf 86' lang='lat' dir='ltr'>libro,</span> <span class='ocrx_word' id='word_1_94' title='bbox 295 1389 382 1449; x_wconf 89' lang='lat' dir='ltr'>quem</span> <span class='ocrx_word' id='word_1_95' title='bbox 399 1371 550 1450; x_wconf 82' lang='lat' dir='ltr'>inscripsit</span> <span class='ocrx_word' id='word_1_96' title='bbox 565 1373 615 1435; x_wconf 83' lang='lat' dir='ltr'>der</span> <span class='ocrx_word' id='word_1_97' title='bbox 625 1371 770 1434; x_wconf 80' lang='lat' dir='ltr'>cobteund</span> <span class='ocrx_word' id='word_1_98' title='bbox 785 1373 836 1436; x_wconf 87' lang='lat' dir='ltr'>der</span> <span class='ocrx_word' id='word_1_99' title='bbox 845 1371 1098 1434; x_wconf 71' lang='lat' dir='ltr'>montarcenne!</span> <span class='ocrx_word' id='word_1_100' title='bbox 1112 1372 1265 1458; x_wconf 68' lang='grc'>(111865),</span> 
     </span>
     <span class='ocr_line' id='line_1_13' title="bbox 191 1472 1266 1554; baseline 0.001 -20"><span class='ocrx_word' id='word_1_101' title='bbox 191 1490 250 1551; x_wconf 90' lang='lat' dir='ltr'>quo</span> <span class='ocrx_word' id='word_1_102' title='bbox 275 1472 442 1552; x_wconf 82' lang='lat' dir='ltr'>exemplum</span> <span class='ocrx_word' id='word_1_103' title='bbox 464 1473 495 1535; x_wconf 92' lang='lat' dir='ltr'>in</span> <span class='ocrx_word' id='word_1_104' title='bbox 510 1473 640 1536; x_wconf 90' lang='lat' dir='ltr'>editione</span> <span class='ocrx_word' id='word_1_105' title='bbox 663 1492 688 1536; x_wconf 90' lang='lat' dir='ltr'>a.</span> <span class='ocrx_word' id='word_1_106' title='bbox 704 1474 785 1539; x_wconf 79' lang='lat'>1859</span> <span class='ocrx_word' id='word_1_107' title='bbox 801 1473 987 1554; x_wconf 85' lang='lat' dir='ltr'>propositum</span> <span class='ocrx_word' id='word_1_108' title='bbox 1002 1473 1136 1538; x_wconf 85' lang='lat' dir='ltr'>doctrina</span> <span class='ocrx_word' id='word_1_109' title='bbox 1153 1483 1183 1535; x_wconf 91' lang='lat' dir='ltr'>et</span> <span class='ocrx_word' id='word_1_110' title='bbox 1198 1493 1266 1536; x_wconf 92' lang='lat' dir='ltr'>acu·</span> 
     </span>
     <span class='ocr_line' id='line_1_14' title="bbox 189 1575 1268 1656; baseline -0.002 -18"><span class='ocrx_word' id='word_1_111' title='bbox 189 1576 271 1638; x_wconf 89' lang='lat' dir='ltr'>mine</span> <span class='ocrx_word' id='word_1_112' title='bbox 293 1575 459 1655; x_wconf 90' lang='lat' dir='ltr'>approbare</span> <span class='ocrx_word' id='word_1_113' title='bbox 481 1577 610 1651; x_wconf 84' lang='lat' dir='ltr'>studuit,</span> <span class='ocrx_word' id='word_1_114' title='bbox 639 1577 700 1638; x_wconf 92' lang='lat' dir='ltr'>ullo</span> <span class='ocrx_word' id='word_1_115' title='bbox 728 1577 816 1640; x_wconf 85' lang='lat' dir='ltr'>modo</span> <span class='ocrx_word' id='word_1_116' title='bbox 845 1577 1007 1656; x_wconf 76' lang='lat' dir='ltr'>persuasit,</span> <span class='ocrx_word' id='word_1_117' title='bbox 1038 1596 1135 1656; x_wconf 88' lang='lat' dir='ltr'>neque</span> <span class='ocrx_word' id='word_1_118' title='bbox 1162 1577 1268 1640; x_wconf 89' lang='lat' dir='ltr'>vetusti</span> 
     </span>
     <span class='ocr_line' id='line_1_15' title="bbox 189 1678 1267 1760; baseline 0.002 -22"><span class='ocrx_word' id='word_1_119' title='bbox 189 1678 268 1750; x_wconf 87' lang='lat' dir='ltr'>libri,</span> <span class='ocrx_word' id='word_1_120' title='bbox 292 1696 379 1756; x_wconf 88' lang='lat' dir='ltr'>quem</span> <span class='ocrx_word' id='word_1_121' title='bbox 396 1678 509 1740; x_wconf 92' lang='lat' dir='ltr'>iocatus</span> <span class='ocrx_word' id='word_1_122' title='bbox 525 1678 663 1759; x_wconf 88' lang='lat' dir='ltr'>appellat,</span> <span class='ocrx_word' id='word_1_123' title='bbox 684 1679 730 1742; x_wconf 92' lang='lat' dir='ltr'>vel</span> <span class='ocrx_word' id='word_1_124' title='bbox 745 1680 825 1741; x_wconf 88' lang='lat' dir='ltr'>docti</span> <span class='ocrx_word' id='word_1_125' title='bbox 840 1680 934 1753; x_wconf 89' lang='lat' dir='ltr'>amici,</span> <span class='ocrx_word' id='word_1_126' title='bbox 958 1680 1008 1758; x_wconf 86' lang='lat' dir='ltr'>qui</span> <span class='ocrx_word' id='word_1_127' title='bbox 1023 1689 1179 1759; x_wconf 86' lang='lat' dir='ltr'>postquam</span> <span class='ocrx_word' id='word_1_128' title='bbox 1194 1698 1267 1760; x_wconf 89' lang='lat' dir='ltr'>pau-</span> 
     </span>
     <span class='ocr_line' id='line_1_16' title="bbox 191 1780 1268 1862; baseline 0.002 -20"><span class='ocrx_word' id='word_1_129' title='bbox 191 1781 233 1842; x_wconf 88' lang='lat' dir='ltr'>cis</span> <span class='ocrx_word' id='word_1_130' title='bbox 256 1780 360 1845; x_wconf 88' lang='lat' dir='ltr'>diebus</span> <span class='ocrx_word' id='word_1_131' title='bbox 382 1799 470 1842; x_wconf 88' lang='lat' dir='ltr'>unam</span> <span class='ocrx_word' id='word_1_132' title='bbox 494 1781 675 1860; x_wconf 76' lang='lat' dir='ltr'>alteramque</span> <span class='ocrx_word' id='word_1_133' title='bbox 697 1792 827 1844; x_wconf 87' lang='lat' dir='ltr'>saturam</span> <span class='ocrx_word' id='word_1_134' title='bbox 850 1782 985 1862; x_wconf 81' lang='lat' dir='ltr'>perlegit,</span> <span class='ocrx_word' id='word_1_135' title='bbox 1010 1782 1109 1843; x_wconf 87' lang='lat' dir='ltr'>omnia</span> <span class='ocrx_word' id='word_1_136' title='bbox 1134 1783 1191 1844; x_wconf 87' lang='lat' dir='ltr'>iam</span> <span class='ocrx_word' id='word_1_137' title='bbox 1218 1781 1268 1844; x_wconf 90' lang='lat' dir='ltr'>de·</span> 
     </span>
     <span class='ocr_line' id='line_1_17' title="bbox 190 1881 1268 1963; baseline 0.002 -20"><span class='ocrx_word' id='word_1_138' title='bbox 190 1881 279 1944; x_wconf 89' lang='lat' dir='ltr'>leudo</span> <span class='ocrx_word' id='word_1_139' title='bbox 304 1891 332 1944; x_wconf 90' lang='lat' dir='ltr'>et</span> <span class='ocrx_word' id='word_1_140' title='bbox 347 1884 574 1962; x_wconf 87' lang='lat' dir='ltr'>transponendo</span> <span class='ocrx_word' id='word_1_141' title='bbox 596 1883 719 1963; x_wconf 87' lang='lat' dir='ltr'>pulchre</span> <span class='ocrx_word' id='word_1_142' title='bbox 736 1883 899 1962; x_wconf 86' lang='lat' dir='ltr'>composita</span> <span class='ocrx_word' id='word_1_143' title='bbox 920 1902 986 1946; x_wconf 85' lang='lat' dir='ltr'>esse</span> <span class='ocrx_word' id='word_1_144' title='bbox 1001 1883 1143 1958; x_wconf 84' lang='lat' dir='ltr'>clamavit,</span> <span class='ocrx_word' id='word_1_145' title='bbox 1167 1902 1268 1963; x_wconf 74' lang='lat' dir='ltr'>quam·</span> 
     </span>
     <span class='ocr_line' id='line_1_18' title="bbox 190 1985 1266 2066; baseline 0.001 -21"><span class='ocrx_word' id='word_1_146' title='bbox 190 1985 234 2048; x_wconf 88' lang='lat' dir='ltr'>vis</span> <span class='ocrx_word' id='word_1_147' title='bbox 255 1985 336 2064; x_wconf 79' lang='lat' dir='ltr'>gravi</span> <span class='ocrx_word' id='word_1_148' title='bbox 358 1986 532 2048; x_wconf 88' lang='lat' dir='ltr'>auctoritate</span> <span class='ocrx_word' id='word_1_149' title='bbox 554 1986 666 2048; x_wconf 88' lang='lat' dir='ltr'>moveri</span> <span class='ocrx_word' id='word_1_150' title='bbox 688 2003 736 2048; x_wconf 86' lang='lat' dir='ltr'>me</span> <span class='ocrx_word' id='word_1_151' title='bbox 750 2003 856 2066; x_wconf 88' lang='lat' dir='ltr'>passus</span> <span class='ocrx_word' id='word_1_152' title='bbox 877 2005 953 2048; x_wconf 88' lang='lat' dir='ltr'>sum.</span> <span class='ocrx_word' id='word_1_153' title='bbox 991 2005 1058 2048; x_wconf 90' lang='lat' dir='ltr'>nam</span> <span class='ocrx_word' id='word_1_154' title='bbox 1082 2005 1120 2048; x_wconf 89' lang='lat' dir='ltr'>ne</span> <span class='ocrx_word' id='word_1_155' title='bbox 1143 1987 1266 2048; x_wconf 91' lang='lat' dir='ltr'>alterum</span> 
     </span>
    </p>
   </div>
   <div class='ocr_carea' id='block_1_3' title="bbox 191 2086 1369 2268">
    <p class='ocr_par' dir='ltr' id='par_1_3' title="bbox 191 2086 1369 2268">
     <span class='ocr_line' id='line_1_19' title="bbox 192 2086 1369 2188; baseline -0.002 -40"><span class='ocrx_word' id='word_1_156' title='bbox 192 2087 310 2166; x_wconf 88' lang='lat' dir='ltr'>quidem</span> <span class='ocrx_word' id='word_1_157' title='bbox 334 2086 552 2167; x_wconf 87' lang='lat' dir='ltr'>transponendi</span> <span class='ocrx_word' id='word_1_158' title='bbox 568 2086 734 2161; x_wconf 87' lang='lat' dir='ltr'>artificium,</span> <span class='ocrx_word' id='word_1_159' title='bbox 758 2088 788 2149; x_wconf 91' lang='lat' dir='ltr'>in</span> <span class='ocrx_word' id='word_1_160' title='bbox 810 2106 871 2166; x_wconf 87' lang='lat' dir='ltr'>quo</span> <span class='ocrx_word' id='word_1_161' title='bbox 886 2088 997 2150; x_wconf 88' lang='lat' dir='ltr'>multus</span> <span class='ocrx_word' id='word_1_162' title='bbox 1020 2099 1065 2150; x_wconf 88' lang='lat' dir='ltr'>est</span> <span class='ocrx_word' id='word_1_163' title='bbox 1079 2086 1266 2159; x_wconf 86' lang='lat' dir='ltr'>Ribbeckius,</span> <span class='ocrx_word' id='word_1_164' title='bbox 1368 2143 1369 2188; x_wconf 25' lang='grc' dir='ltr'>ι</span> 
     </span>
     <span class='ocr_line' id='line_1_20' title="bbox 191 2188 1369 2268; baseline 0 -18"><span class='ocrx_word' id='word_1_165' title='bbox 191 2208 253 2250; x_wconf 89' lang='lat' dir='ltr'>rem</span> <span class='ocrx_word' id='word_1_166' title='bbox 277 2188 346 2251; x_wconf 88' lang='lat' dir='ltr'>satis</span> <span class='ocrx_word' id='word_1_167' title='bbox 361 2189 518 2268; x_wconf 88' lang='lat' dir='ltr'>promovit.</span> <span class='ocrx_word' id='word_1_168' title='bbox 563 2188 652 2250; x_wconf 91' lang='lat' dir='ltr'>dubia</span> <span class='ocrx_word' id='word_1_169' title='bbox 667 2197 754 2250; x_wconf 89' lang='lat' dir='ltr'>acute</span> <span class='ocrx_word' id='word_1_170' title='bbox 768 2189 894 2251; x_wconf 89' lang='lat' dir='ltr'>movisse</span> <span class='ocrx_word' id='word_1_171' title='bbox 909 2188 1102 2253; x_wconf 85' lang='lat' dir='ltr'>Ribbeckium</span> <span class='ocrx_word' id='word_1_172' title='bbox 1126 2205 1266 2267; x_wconf 81' lang='lat' dir='ltr'>agnosco,</span> <span class='ocrx_word' id='word_1_173' title='bbox 1368 2191 1369 2250; x_wconf 71' lang='lat' dir='ltr'>i</span> 
     </span>
    </p>
   </div>
   <div class='ocr_carea' id='block_1_4' title="bbox 130 2289 1267 2372">
    <p class='ocr_par' dir='ltr' id='par_1_4' title="bbox 130 2289 1267 2372">
     <span class='ocr_line' id='line_1_21' title="bbox 130 2289 1267 2372; baseline -0.002 -20"><span class='ocrx_word' id='word_1_174' title='bbox 130 2313 132 2318; x_wconf 94' lang='lat'>·</span> <span class='ocrx_word' id='word_1_175' title='bbox 191 2290 243 2352; x_wconf 88' lang='lat' dir='ltr'>sed</span> <span class='ocrx_word' id='word_1_176' title='bbox 267 2291 512 2370; x_wconf 83' lang='lat' dir='ltr'>remediumque</span> <span class='ocrx_word' id='word_1_177' title='bbox 535 2289 629 2354; x_wconf 88' lang='lat' dir='ltr'>utitur</span> <span class='ocrx_word' id='word_1_178' title='bbox 652 2291 696 2352; x_wconf 91' lang='lat' dir='ltr'>vel</span> <span class='ocrx_word' id='word_1_179' title='bbox 718 2292 784 2353; x_wconf 92' lang='lat' dir='ltr'>ideo</span> <span class='ocrx_word' id='word_1_180' title='bbox 807 2292 952 2372; x_wconf 90' lang='lat' dir='ltr'>displicet,</span> <span class='ocrx_word' id='word_1_181' title='bbox 982 2292 1062 2371; x_wconf 91' lang='lat' dir='ltr'>quod</span> <span class='ocrx_word' id='word_1_182' title='bbox 1091 2291 1173 2352; x_wconf 91' lang='lat' dir='ltr'>omni</span> <span class='ocrx_word' id='word_1_183' title='bbox 1196 2307 1267 2370; x_wconf 91' lang='lat' dir='ltr'>pro-</span> 
     </span>
    </p>
   </div>
   <div class='ocr_carea' id='block_1_5' title="bbox 191 2392 1369 2473">
    <p class='ocr_par' dir='ltr' id='par_1_5' title="bbox 191 2392 1369 2473">
     <span class='ocr_line' id='line_1_22' title="bbox 191 2392 1369 2473; baseline 0 -19"><span class='ocrx_word' id='word_1_184' title='bbox 191 2392 340 2454; x_wconf 90' lang='lat' dir='ltr'>babilitate</span> <span class='ocrx_word' id='word_1_185' title='bbox 362 2402 451 2454; x_wconf 87' lang='lat' dir='ltr'>caret.</span> <span class='ocrx_word' id='word_1_186' title='bbox 496 2411 674 2473; x_wconf 77' lang='lat' dir='ltr'>quamquam</span> <span class='ocrx_word' id='word_1_187' title='bbox 698 2393 831 2458; x_wconf 90' lang='lat' dir='ltr'>enimin</span> <span class='ocrx_word' id='word_1_188' title='bbox 855 2412 955 2456; x_wconf 88' lang='lat' dir='ltr'>rerum</span> <span class='ocrx_word' id='word_1_189' title='bbox 980 2402 1083 2455; x_wconf 90' lang='lat' dir='ltr'>natura</span> <span class='ocrx_word' id='word_1_190' title='bbox 1098 2393 1176 2454; x_wconf 90' lang='lat' dir='ltr'>haud</span> <span class='ocrx_word' id='word_1_191' title='bbox 1199 2410 1266 2454; x_wconf 92' lang='lat' dir='ltr'>raro</span> <span class='ocrx_word' id='word_1_192' title='bbox 1368 2435 1369 2440; x_wconf 20' lang='grc' dir='ltr'>η</span> 
     </span>
    </p>
   </div>
   <div class='ocr_carea' id='block_1_6' title="bbox 190 2495 1369 2677">
    <p class='ocr_par' dir='ltr' id='par_1_6' title="bbox 190 2483 1369 2677">
     <span class='ocr_line' id='line_1_23' title="bbox 190 2495 1266 2577; baseline 0.003 -24"><span class='ocrx_word' id='word_1_193' title='bbox 190 2513 259 2558; x_wconf 89' lang='lat' dir='ltr'>vere</span> <span class='ocrx_word' id='word_1_194' title='bbox 282 2496 346 2558; x_wconf 86' lang='lat' dir='ltr'>lieri</span> <span class='ocrx_word' id='word_1_195' title='bbox 368 2496 476 2570; x_wconf 87' lang='lat' dir='ltr'>videas,</span> <span class='ocrx_word' id='word_1_196' title='bbox 500 2515 574 2575; x_wconf 87' lang='lat' dir='ltr'>quac</span> <span class='ocrx_word' id='word_1_197' title='bbox 598 2506 720 2560; x_wconf 89' lang='lat' dir='ltr'>narratu</span> <span class='ocrx_word' id='word_1_198' title='bbox 743 2515 805 2560; x_wconf 89' lang='lat' dir='ltr'>non</span> <span class='ocrx_word' id='word_1_199' title='bbox 828 2497 991 2577; x_wconf 81' lang='lat' dir='ltr'>probabilia</span> <span class='ocrx_word' id='word_1_200' title='bbox 1014 2497 1084 2570; x_wconf 89' lang='lat' dir='ltr'>sint,</span> <span class='ocrx_word' id='word_1_201' title='bbox 1113 2506 1212 2558; x_wconf 86' lang='lat' dir='ltr'>tameo</span> <span class='ocrx_word' id='word_1_202' title='bbox 1235 2495 1266 2556; x_wconf 89' lang='lat' dir='ltr'>in</span> 
     </span>
     <span class='ocr_line' id='line_1_24' title="bbox 191 2581 1369 2677; baseline 0 -18"><span class='ocrx_word' id='word_1_203' title='bbox 191 2598 273 2660; x_wconf 89' lang='lat' dir='ltr'>omui</span> <span class='ocrx_word' id='word_1_204' title='bbox 295 2607 368 2671; x_wconf 88' lang='lat' dir='ltr'>arte,</span> <span class='ocrx_word' id='word_1_205' title='bbox 390 2599 510 2676; x_wconf 90' lang='lat' dir='ltr'>quando</span> <span class='ocrx_word' id='word_1_206' title='bbox 532 2616 600 2663; x_wconf 90' lang='lat' dir='ltr'>raro</span> <span class='ocrx_word' id='word_1_207' title='bbox 623 2598 723 2661; x_wconf 88' lang='lat' dir='ltr'>evenit</span> <span class='ocrx_word' id='word_1_208' title='bbox 743 2608 776 2659; x_wconf 92' lang='lat' dir='ltr'>ut</span> <span class='ocrx_word' id='word_1_209' title='bbox 798 2599 868 2677; x_wconf 91' lang='lat' dir='ltr'>quid</span> <span class='ocrx_word' id='word_1_210' title='bbox 890 2617 992 2660; x_wconf 89' lang='lat' dir='ltr'>verum</span> <span class='ocrx_word' id='word_1_211' title='bbox 1015 2598 1054 2660; x_wconf 92' lang='lat' dir='ltr'>sit</span> <span class='ocrx_word' id='word_1_212' title='bbox 1075 2599 1165 2661; x_wconf 89' lang='lat' dir='ltr'>certis</span> <span class='ocrx_word' id='word_1_213' title='bbox 1179 2615 1267 2676; x_wconf 76' lang='lat' dir='ltr'>argu-</span> <span class='ocrx_word' id='word_1_214' title='bbox 1368 2581 1369 2644; x_wconf 60' lang='lat' dir='ltr'>l</span> 
     </span>
    </p>
   </div>
   <div class='ocr_carea' id='block_1_7' title="bbox 191 2699 1369 2780">
    <p class='ocr_par' dir='ltr' id='par_1_7' title="bbox 191 2699 1369 2780">
     <span class='ocr_line' id='line_1_25' title="bbox 191 2699 1369 2780; baseline 0.002 -22"><span class='ocrx_word' id='word_1_215' title='bbox 191 2699 300 2760; x_wconf 86' lang='lat' dir='ltr'>mentis</span> <span class='ocrx_word' id='word_1_216' title='bbox 314 2699 442 2772; x_wconf 84' lang='lat' dir='ltr'>evincas,</span> <span class='ocrx_word' id='word_1_217' title='bbox 460 2699 541 2761; x_wconf 90' lang='lat' dir='ltr'>omni</span> <span class='ocrx_word' id='word_1_218' title='bbox 558 2700 647 2764; x_wconf 88' lang='lat' dir='ltr'>modo</span> <span class='ocrx_word' id='word_1_219' title='bbox 662 2699 855 2761; x_wconf 84' lang='lat' dir='ltr'>adnitendum</span> <span class='ocrx_word' id='word_1_220' title='bbox 870 2708 916 2762; x_wconf 85' lang='lat' dir='ltr'>est</span> <span class='ocrx_word' id='word_1_221' title='bbox 931 2709 963 2761; x_wconf 92' lang='lat' dir='ltr'>ut</span> <span class='ocrx_word' id='word_1_222' title='bbox 978 2700 1183 2778; x_wconf 86' lang='lat' dir='ltr'>probabilitate</span> <span class='ocrx_word' id='word_1_223' title='bbox 1198 2717 1268 2779; x_wconf 86' lang='lat' dir='ltr'>per·</span> <span class='ocrx_word' id='word_1_224' title='bbox 1368 2755 1369 2780; x_wconf 63' lang='lat'>,</span> 
     </span>
    </p>
   </div>
   <div class='ocr_carea' id='block_1_8' title="bbox 181 2801 1369 3804">
    <p class='ocr_par' dir='ltr' id='par_1_8' title="bbox 181 2801 1369 3584">
     <span class='ocr_line' id='line_1_26' title="bbox 181 2801 1268 2880; baseline -0.001 -18"><span class='ocrx_word' id='word_1_225' title='bbox 181 2802 324 2864; x_wconf 86' lang='lat' dir='ltr'>suadeas.</span> <span class='ocrx_word' id='word_1_226' title='bbox 369 2819 456 2879; x_wconf 88' lang='lat' dir='ltr'>quam</span> <span class='ocrx_word' id='word_1_227' title='bbox 479 2801 536 2863; x_wconf 91' lang='lat' dir='ltr'>nisi</span> <span class='ocrx_word' id='word_1_228' title='bbox 559 2810 710 2864; x_wconf 86' lang='lat' dir='ltr'>assecutus</span> <span class='ocrx_word' id='word_1_229' title='bbox 732 2802 832 2876; x_wconf 79' lang='lat' dir='ltr'>tueris,</span> <span class='ocrx_word' id='word_1_230' title='bbox 856 2802 907 2880; x_wconf 91' lang='lat' dir='ltr'>qui</span> <span class='ocrx_word' id='word_1_231' title='bbox 931 2803 1050 2864; x_wconf 88' lang='lat' dir='ltr'>tandem</span> <span class='ocrx_word' id='word_1_232' title='bbox 1074 2820 1176 2864; x_wconf 88' lang='lat' dir='ltr'>verum</span> <span class='ocrx_word' id='word_1_233' title='bbox 1200 2819 1216 2864; x_wconf 85' lang='lat' dir='ltr'>a</span> <span class='ocrx_word' id='word_1_234' title='bbox 1238 2811 1268 2862; x_wconf 91' lang='lat' dir='ltr'>tc</span> 
     </span>
     <span class='ocr_line' id='line_1_27' title="bbox 191 2901 1268 2984; baseline 0 -20"><span class='ocrx_word' id='word_1_235' title='bbox 191 2904 346 2965; x_wconf 87' lang='lat' dir='ltr'>inventum</span> <span class='ocrx_word' id='word_1_236' title='bbox 368 2922 432 2966; x_wconf 88' lang='lat' dir='ltr'>esse</span> <span class='ocrx_word' id='word_1_237' title='bbox 455 2913 488 2968; x_wconf 91' lang='lat' dir='ltr'>ut</span> <span class='ocrx_word' id='word_1_238' title='bbox 502 2904 640 2968; x_wconf 81' lang='lat' dir='ltr'>credatur</span> <span class='ocrx_word' id='word_1_239' title='bbox 654 2901 841 2984; x_wconf 78' lang='lat' dir='ltr'>postulabis?</span> <span class='ocrx_word' id='word_1_240' title='bbox 863 2904 1066 2968; x_wconf 79' lang='lat' dir='ltr'>difficillimam</span> <span class='ocrx_word' id='word_1_241' title='bbox 1083 2903 1120 2967; x_wconf 88' lang='lat' dir='ltr'>de</span> <span class='ocrx_word' id='word_1_242' title='bbox 1134 2902 1268 2968; x_wconf 85' lang='lat' dir='ltr'>versibus</span> 
     </span>
     <span class='ocr_line' id='line_1_28' title="bbox 191 3005 1268 3087; baseline 0 -21"><span class='ocrx_word' id='word_1_243' title='bbox 191 3005 327 3068; x_wconf 87' lang='lat' dir='ltr'>insiticiis</span> <span class='ocrx_word' id='word_1_244' title='bbox 350 3006 553 3085; x_wconf 86' lang='lat' dir='ltr'>quaestionem</span> <span class='ocrx_word' id='word_1_245' title='bbox 575 3026 613 3069; x_wconf 89' lang='lat' dir='ltr'>ne</span> <span class='ocrx_word' id='word_1_246' title='bbox 636 3007 726 3087; x_wconf 77' lang='lat' dir='ltr'>Sigm.</span> <span class='ocrx_word' id='word_1_247' title='bbox 750 3005 827 3068; x_wconf 86' lang='lat' dir='ltr'>Guil.</span> <span class='ocrx_word' id='word_1_248' title='bbox 850 3006 1026 3069; x_wconf 83' lang='lat' dir='ltr'>Teuffelium</span> <span class='ocrx_word' id='word_1_249' title='bbox 1055 3006 1174 3085; x_wconf 87' lang='lat' dir='ltr'>quidem</span> <span class='ocrx_word' id='word_1_250' title='bbox 1196 3023 1268 3085; x_wconf 91' lang='lat' dir='ltr'>pro-</span> 
     </span>
     <span class='ocr_line' id='line_1_29' title="bbox 192 3107 1269 3189; baseline -0.001 -20"><span class='ocrx_word' id='word_1_251' title='bbox 192 3108 318 3170; x_wconf 88' lang='lat' dir='ltr'>movisse</span> <span class='ocrx_word' id='word_1_252' title='bbox 340 3117 424 3187; x_wconf 83' lang='lat' dir='ltr'>puto.</span> <span class='ocrx_word' id='word_1_253' title='bbox 467 3109 517 3187; x_wconf 91' lang='lat' dir='ltr'>qui</span> <span class='ocrx_word' id='word_1_254' title='bbox 546 3127 614 3173; x_wconf 86' lang='lat' dir='ltr'>cum</span> <span class='ocrx_word' id='word_1_255' title='bbox 642 3109 679 3170; x_wconf 86' lang='lat' dir='ltr'>de</span> <span class='ocrx_word' id='word_1_256' title='bbox 707 3107 884 3187; x_wconf 90' lang='lat' dir='ltr'>quibusdam</span> <span class='ocrx_word' id='word_1_257' title='bbox 914 3109 987 3172; x_wconf 91' lang='lat' dir='ltr'>locis</span> <span class='ocrx_word' id='word_1_258' title='bbox 1013 3118 1137 3189; x_wconf 84' lang='lat' dir='ltr'>propter</span> <span class='ocrx_word' id='word_1_259' title='bbox 1158 3107 1269 3188; x_wconf 84' lang='lat' dir='ltr'>repeti·</span> 
     </span>
     <span class='ocr_line' id='line_1_30' title="bbox 191 3205 1269 3291; baseline 0 -19"><span class='ocrx_word' id='word_1_260' title='bbox 191 3211 288 3272; x_wconf 82' lang='lat' dir='ltr'>tiones</span> <span class='ocrx_word' id='word_1_261' title='bbox 309 3210 441 3275; x_wconf 86' lang='lat' dir='ltr'>molestis</span> <span class='ocrx_word' id='word_1_262' title='bbox 464 3211 502 3272; x_wconf 89' lang='lat' dir='ltr'>ita</span> <span class='ocrx_word' id='word_1_263' title='bbox 518 3211 670 3286; x_wconf 86' lang='lat' dir='ltr'>iudicaret,</span> <span class='ocrx_word' id='word_1_264' title='bbox 693 3205 726 3272; x_wconf 80' lang='lat' dir='ltr'>bt</span> <span class='ocrx_word' id='word_1_265' title='bbox 744 3210 872 3291; x_wconf 87' lang='lat' dir='ltr'>duplicis</span> <span class='ocrx_word' id='word_1_266' title='bbox 894 3210 931 3272; x_wconf 89' lang='lat' dir='ltr'>ab</span> <span class='ocrx_word' id='word_1_267' title='bbox 953 3212 1018 3290; x_wconf 90' lang='lat' dir='ltr'>ipso</span> <span class='ocrx_word' id='word_1_268' title='bbox 1042 3219 1128 3291; x_wconf 91' lang='lat' dir='ltr'>poeta</span> <span class='ocrx_word' id='word_1_269' title='bbox 1150 3210 1269 3274; x_wconf 87' lang='lat' dir='ltr'>institu-</span> 
     </span>
     <span class='ocr_line' id='line_1_31' title="bbox 192 3313 1267 3394; baseline -0.002 -20"><span class='ocrx_word' id='word_1_270' title='bbox 192 3321 238 3376; x_wconf 88' lang='lat' dir='ltr'>tae</span> <span class='ocrx_word' id='word_1_271' title='bbox 261 3313 445 3377; x_wconf 89' lang='lat' dir='ltr'>recensionis</span> <span class='ocrx_word' id='word_1_272' title='bbox 473 3313 592 3392; x_wconf 83' lang='lat' dir='ltr'>vestigia</span> <span class='ocrx_word' id='word_1_273' title='bbox 622 3325 806 3393; x_wconf 83' lang='lat' dir='ltr'>agnosceret,</span> <span class='ocrx_word' id='word_1_274' title='bbox 836 3314 935 3394; x_wconf 86' lang='lat' dir='ltr'>potius</span> <span class='ocrx_word' id='word_1_275' title='bbox 964 3314 1035 3393; x_wconf 90' lang='lat' dir='ltr'>quid</span> <span class='ocrx_word' id='word_1_276' title='bbox 1058 3323 1182 3393; x_wconf 83' lang='lat' dir='ltr'>aposta</span> <span class='ocrx_word' id='word_1_277' title='bbox 1205 3331 1267 3373; x_wconf 92' lang='lat' dir='ltr'>non</span> 
     </span>
     <span class='ocr_line' id='line_1_32' title="bbox 191 3416 1369 3508; baseline -0.002 -30"><span class='ocrx_word' id='word_1_278' title='bbox 191 3417 350 3496; x_wconf 82' lang='lat' dir='ltr'>repetitum</span> <span class='ocrx_word' id='word_1_279' title='bbox 374 3435 438 3478; x_wconf 88' lang='lat' dir='ltr'>esse</span> <span class='ocrx_word' id='word_1_280' title='bbox 453 3425 570 3496; x_wconf 89' lang='lat' dir='ltr'>optaret</span> <span class='ocrx_word' id='word_1_281' title='bbox 580 3417 752 3492; x_wconf 85' lang='lat' dir='ltr'>declarasse,</span> <span class='ocrx_word' id='word_1_282' title='bbox 776 3436 866 3497; x_wconf 90' lang='lat' dir='ltr'>quam</span> <span class='ocrx_word' id='word_1_283' title='bbox 881 3417 952 3497; x_wconf 82' lang='lat' dir='ltr'>quid</span> <span class='ocrx_word' id='word_1_284' title='bbox 975 3426 1062 3497; x_wconf 85' lang='lat' dir='ltr'>poete</span> <span class='ocrx_word' id='word_1_285' title='bbox 1077 3416 1183 3478; x_wconf 88' lang='lat' dir='ltr'>lecerit</span> <span class='ocrx_word' id='word_1_286' title='bbox 1196 3433 1271 3495; x_wconf 87' lang='lat' dir='ltr'>pro·</span> <span class='ocrx_word' id='word_1_287' title='bbox 1368 3459 1369 3508; x_wconf 64' lang='lat'>;</span> 
     </span>
     <span class='ocr_line' id='line_1_33' title="bbox 194 3509 1369 3584; baseline 0.006 -6"><span class='ocrx_word' id='word_1_288' title='bbox 194 3517 278 3580; x_wconf 90' lang='lat' dir='ltr'>basse</span> <span class='ocrx_word' id='word_1_289' title='bbox 301 3519 373 3584; x_wconf 86' lang='lat' dir='ltr'>milri</span> <span class='ocrx_word' id='word_1_290' title='bbox 394 3519 518 3584; x_wconf 86' lang='lat' dir='ltr'>videtur.</span> <span class='ocrx_word' id='word_1_291' title='bbox 1368 3509 1369 3542; x_wconf 32' lang='lat' dir='ltr'>l</span> 
     </span>
    </p>

    <p class='ocr_par' dir='ltr' id='par_1_9' title="bbox 193 3611 1369 3804">
     <span class='ocr_line' id='line_1_34' title="bbox 279 3621 1271 3686; baseline 0.001 -2"><span class='ocrx_word' id='word_1_292' title='bbox 279 3622 429 3684; x_wconf 76' lang='lat' dir='ltr'>Smrrcrrn</span> <span class='ocrx_word' id='word_1_293' title='bbox 444 3631 573 3686; x_wconf 82' lang='lat' dir='ltr'>saturam</span> <span class='ocrx_word' id='word_1_294' title='bbox 595 3622 626 3684; x_wconf 92' lang='lat' dir='ltr'>iu</span> <span class='ocrx_word' id='word_1_295' title='bbox 650 3621 752 3684; x_wconf 85' lang='lat' dir='ltr'>codice</span> <span class='ocrx_word' id='word_1_296' title='bbox 774 3623 946 3686; x_wconf 88' lang='lat' dir='ltr'>monasterii</span> <span class='ocrx_word' id='word_1_297' title='bbox 961 3621 1119 3686; x_wconf 80' lang='lat' dir='ltr'>bobiensis</span> <span class='ocrx_word' id='word_1_298' title='bbox 1141 3639 1168 3685; x_wconf 85' lang='lat' dir='ltr'>a.</span> <span class='ocrx_word' id='word_1_299' title='bbox 1186 3621 1271 3684; x_wconf 75' lang='lat'>1493</span> 
     </span>
     <span class='ocr_line' id='line_1_35' title="bbox 193 3699 1369 3804; baseline -0.001 -21"><span class='ocrx_word' id='word_1_300' title='bbox 193 3723 344 3786; x_wconf 88' lang='lat' dir='ltr'>inventam</span> <span class='ocrx_word' id='word_1_301' title='bbox 366 3723 436 3786; x_wconf 92' lang='lat' dir='ltr'>inde</span> <span class='ocrx_word' id='word_1_302' title='bbox 458 3724 579 3787; x_wconf 90' lang='lat' dir='ltr'>abstulit</span> <span class='ocrx_word' id='word_1_303' title='bbox 594 3724 740 3804; x_wconf 80' lang='lat' dir='ltr'>Georgius</span> <span class='ocrx_word' id='word_1_304' title='bbox 754 3725 865 3786; x_wconf 79' lang='lat' dir='ltr'>Merula</span> <span class='ocrx_word' id='word_1_305' title='bbox 881 3724 1098 3788; x_wconf 74' lang='lat' dir='ltr'>Alexandrinus</span> <span class='ocrx_word' id='word_1_306' title='bbox 1119 3729 1195 3784; x_wconf 85' lang='lat' dir='ltr'>teste</span> <span class='ocrx_word' id='word_1_307' title='bbox 1211 3721 1272 3782; x_wconf 77' lang='lat' dir='ltr'>lla·</span> <span class='ocrx_word' id='word_1_308' title='bbox 1368 3699 1369 3724; x_wconf 49' lang='lat'>¹</span> 
     </span>
    </p>
   </div>
   <div class='ocr_carea' id='block_1_9' title="bbox 195 3824 1369 3904">
    <p class='ocr_par' dir='ltr' id='par_1_10' title="bbox 195 3824 1369 3904">
     <span class='ocr_line' id='line_1_36' title="bbox 195 3824 1369 3904; baseline -0.003 -18"><span class='ocrx_word' id='word_1_309' title='bbox 195 3825 299 3904; x_wconf 89' lang='lat' dir='ltr'>phaelc</span> <span class='ocrx_word' id='word_1_310' title='bbox 322 3825 513 3890; x_wconf 90' lang='lat' dir='ltr'>Volaterrano</span> <span class='ocrx_word' id='word_1_311' title='bbox 536 3843 643 3888; x_wconf 90' lang='lat' dir='ltr'>comm.</span> <span class='ocrx_word' id='word_1_312' title='bbox 668 3825 733 3888; x_wconf 89' lang='lat' dir='ltr'>urb.</span> <span class='ocrx_word' id='word_1_313' title='bbox 756 3825 793 3886; x_wconf 87' lang='lat' dir='ltr'>lv</span> <span class='ocrx_word' id='word_1_314' title='bbox 818 3826 867 3888; x_wconf 86' lang='lat' dir='ltr'>sol.</span> <span class='ocrx_word' id='word_1_315' title='bbox 891 3825 1108 3889; x_wconf 73' lang='lat' dir='ltr'>obeditum.</span> <span class='ocrx_word' id='word_1_316' title='bbox 1132 3841 1157 3884; x_wconf 81' lang='lat' dir='ltr'>a.</span> <span class='ocrx_word' id='word_1_317' title='bbox 1177 3824 1272 3886; x_wconf 77' lang='lat'><strong>1506.</strong></span> <span class='ocrx_word' id='word_1_318' title='bbox 1368 3835 1369 3882; x_wconf 50' lang='lat' dir='ltr'>t</span> 
     </span>
    </p>
   </div>
   <div class='ocr_carea' id='block_1_10' title="bbox 194 3923 1276 4009">
    <p class='ocr_par' dir='ltr' id='par_1_11' title="bbox 194 3923 1276 4009">
     <span class='ocr_line' id='line_1_37' title="bbox 194 3923 1276 4009; baseline -0.004 -19"><span class='ocrx_word' id='word_1_319' title='bbox 194 3928 245 4007; x_wconf 90' lang='lat' dir='ltr'>qui</span> <span class='ocrx_word' id='word_1_320' title='bbox 268 3945 334 3990; x_wconf 91' lang='lat' dir='ltr'>cum</span> <span class='ocrx_word' id='word_1_321' title='bbox 357 3927 436 3990; x_wconf 89' lang='lat' dir='ltr'>inter</span> <span class='ocrx_word' id='word_1_322' title='bbox 458 3928 550 3992; x_wconf 89' lang='lat' dir='ltr'>libros</span> <span class='ocrx_word' id='word_1_323' title='bbox 565 3928 650 3994; x_wconf 78' lang='lat' dir='ltr'>bobii</span> <span class='ocrx_word' id='word_1_324' title='bbox 664 3937 801 4009; x_wconf 88' lang='lat' dir='ltr'>repertos</span> <span class='ocrx_word' id='word_1_325' title='bbox 825 3927 961 3994; x_wconf 83' lang='lat' dir='ltr'>nominet</span> <span class='ocrx_word' id='word_1_326' title='bbox 982 3927 1128 3990; x_wconf 73' lang='lat' dir='ltr'>heroicum</span> <span class='ocrx_word' id='word_1_327' title='bbox 1149 3923 1276 4006; x_wconf 73' lang='lat' dir='ltr'>Sulpits‘r&#39;</span> 
     </span>
    </p>
   </div>
   <div class='ocr_carea' id='block_1_11' title="bbox 0 0 1409 4444">
    <p class='ocr_par' dir='ltr' id='par_1_12' title="bbox 0 0 1409 4444">
     <span class='ocr_line' id='line_1_38' title="bbox 0 0 1409 4444; baseline 0 0"><span class='ocrx_word' id='word_1_328' title='bbox 0 0 1409 4444; x_wconf 95' lang='lat' dir='ltr'> </span> 
     </span>
    </p>
   </div>
  </div>
 </body>
</html>
