2792 4444
552 201 646 254 LIBER
664 203 673 254 l
710 203 842 255 SATVRA
860 204 870 254 Ι
1211 204 1250 262 69

175 373 298 434 ‘vincant
320 372 445 445 divitiae,
467 391 552 434 sacro
576 393 615 434 ne
637 375 721 434 cedat
742 374 851 435 honori
1210 387 1252 438 110
1270 373 1347 468 ωτι

176 477 275 537 nuper
296 457 326 519 in
350 459 427 518 banc
451 457 557 518 urbem
579 458 705 546 pedibus
728 459 778 555 qui
799 470 921 520 venerat
942 461 1024 535 albis,
1191 451 1264 547 qest
1303 459 1306 477 '

176 543 418 641 quandoquidem
441 543 522 603 inter
544 562 599 604 nos
604 535 805 605 sanctissima
827 537 993 606 divitiarum

177 629 325 696 maiestas,
349 628 403 689 etsi
426 628 545 689 funesta
515 629 692 707 tpecunia
715 631 827 708 templo

177 714 309 773 nondum
332 713 451 786 habitat,
476 713 571 774 nullas
593 732 786 774 nummorum
808 714 955 776 ereximus
978 734 1052 790 aras,

176 807 210 858 ut
232 797 338 858 colitur
360 798 420 857 Pax
443 806 531 876 atque
555 797 640 860 Fides
663 798 790 859 Victoria
814 799 913 860 Virtus
1209 811 1252 861 ιιι
1283 850 1344 917 ω.

1216 911 1279 948 Ἣ..

178 901 314 962 quaeque
337 882 413 944 salut
402 890 462 943 tato
486 883 611 962 crepitat
633 882 798 945 Concordia
822 884 902 944 nido.

178 969 229 1029 sed
253 987 322 1028 cum
343 986 478 1029 summus
500 967 598 1029 bonor
620 969 704 1029 finito
729 976 873 1048 conputet
894 987 984 1042 anno,

179 1053 312 1132 sportula
335 1053 403 1131 quid
404 1042 546 1127 referat,
571 1062 713 1130 quantum
737 1053 903 1116 rationibus
926 1055 1019 1129 addat,

180 1137 251 1216 quid
275 1137 384 1198 sacient
407 1138 531 1199 comites
553 1138 662 1216 quibus
684 1139 755 1198 hinc
777 1147 854 1218 toga,
878 1139 995 1200 calceus
1017 1141 1086 1201 binc
1110 1148 1155 1200 est

179 1231 209 1283 et
230 1223 316 1301 panis
340 1223 498 1301 sumusque
521 1222 623 1284 domi?
646 1223 819 1285 densissima
841 1233 960 1285 centum
1212 1234 1254 1285 120

178 1306 358 1386 quadrantes
380 1308 482 1369 lectica
504 1309 589 1386 petit,
612 1309 806 1387 sequiturque
829 1309 967 1370 maritum

178 1391 317 1472 languida
339 1393 385 1452 vel
406 1410 554 1472 praegnas
577 1402 608 1453 et
629 1393 863 1454 circumducitur
884 1413 968 1454 uxor.

179 1477 228 1538 bic
251 1479 326 1556 petit
347 1477 463 1539 absenti
487 1488 556 1538 nota
580 1479 637 1538 iam
661 1477 783 1539 callidus
805 1487 868 1538 arte

180 1563 341 1624 ostendens
362 1581 483 1624 vacuam
506 1573 536 1624 et
558 1564 685 1624 clausam
708 1582 763 1641 pro
787 1563 915 1642 coniuge
937 1563 1047 1624 sellam.

176 1640 274 1708 ‘Galla
296 1667 360 1708 mea
384 1638 440 1708 est
466 1649 564 1727 inquit
582 1641 683 1708 ‘citius
706 1649 829 1709 dimitte.
866 1647 1014 1710 moraris?
1211 1657 1254 1708 125

179 1735 292 1828 profer,
316 1732 406 1805 Galla,
431 1742 528 1812 caput.
507 1734 635 1793 tnoli
658 1752 773 1808 vexare,
797 1723 946 1811 quiescet
1153 1744 1156 1758 '

184 1818 284 1896 ipse
308 1817 370 1878 dies
392 1817 518 1900 pulchro
541 1817 734 1913 distinguitur
756 1819 860 1878 ordine
883 1837 999 1896 rerum:

177 1875 323 1980 ttportula,
346 1901 453 1961 deinde
476 1902 605 1961 lorum'
598 1902 731 1978 iurisque
753 1903 866 1980 peritus
886 1887 994 1980 Apollo

168 1984 193 2032 k

180 2073 212 2129 ad
230 2073 461 2148 ,dispensationem
483 2081 525 2130 est
546 2073 691 2139 admissus,
721 2090 777 2129 non
806 2072 891 2129 multo
914 2082 977 2147 post
997 2089 1079 2129 manu
1100 2073 1206 2137 missus,
1231 2083 1258 2131 et

181 2159 276 2216 deinde
303 2159 434 2216 curationi
465 2158 606 2215 Galliarum
634 2158 667 2215 ab
696 2163 819 2232 Augusto
848 2158 1016 2233 praepositus
1051 2175 1095 2214 eas
1122 2158 1256 2233 spoliavit,

180 2251 208 2301 et
229 2261 290 2300 cum
311 2243 438 2317 flagraret
459 2244 555 2306 invidia
577 2243 712 2300 basilicam
740 2244 791 2300 sub
821 2244 929 2301 nomine
952 2245 996 2300 Gai
1019 2243 1078 2300 lulii
1100 2242 1255 2301 aedificavit.

181 2328 296 2384 decessit
317 2327 368 2383 sub
384 2328 499 2392 Tiberio,
523 2329 637 2402 proinde
660 2329 733 2386 dives
756 2329 807 2385 luit
828 2330 905 2402 quasi
921 2329 1007 2385 Crassi
1030 2346 1094 2403 opes
1117 2329 1256 2386 exhausis-

180 2422 222 2468 set
244 2421 272 2468 et
293 2412 381 2468 dietus
403 2420 444 2468 est
465 2412 590 2469 habuisse
612 2413 711 2469 lundos
733 2422 864 2486 quantum
885 2413 956 2467 milvi
977 2413 1078 2470 volant.
1100 2415 1172 2470 unde
1188 2415 1257 2471 Per-

180 2497 236 2553 sius
259 2495 299 2571 [2,
325 2495 375 2570 36]
399 2491 488 2554 ‘nunc
509 2497 592 2553 Licini
619 2498 647 2552 in
669 2514 788 2572 campos,
811 2513 883 2553 nuno
907 2496 993 2553 Crassi
1014 2497 1096 2552 mittit
1118 2499 1145 2552 in
1167 2490 1255 2554 aedes'

186 2582 279 2642 Valla.
419 2585 474 2640 111
502 2582 619 2639 ostendit
640 2583 701 2657 plus
723 2583 833 2638 honoris
857 2581 940 2637 videri
960 2583 987 2637 in
1010 2580 1105 2638 calceis
1127 2598 1207 2654 quam
1228 2583 1256 2638 in

179 2684 305 2742 persona.
328 2667 372 2724 illo
396 2669 466 2725 enim
488 2676 610 2742 tempore
632 2669 748 2725 necdum
769 2667 901 2724 senatoris
923 2667 1006 2740 nigris
1037 2665 1131 2723 calceis
1159 2667 1257 2723 uteba·

182 2763 241 2819 tur,
271 2754 319 2809 sed
350 2753 428 2810 nudis
454 2753 568 2828 pedibus
596 2753 637 2810 vel
663 2752 869 2829 pulverulentis.
899 2752 942 2809 vel
969 2752 1057 2808 bracis
1080 2751 1121 2808 vel
1143 2751 1256 2826 pedules

181 2855 267 2894 novos
288 2838 316 2893 in
332 2837 427 2902 bracis,
451 2856 520 2913 quos
534 2839 662 2913 pedornis
678 2840 779 2896 dieunt.
802 2848 833 2895 ut
847 2839 1017 2912 peregrinus.
1108 2840 1165 2896 113
1183 2855 1258 2912 quo-

181 2925 251 2979 niam
273 2940 321 2997 per
343 2923 444 2982 scelera
466 2924 624 2998 adquiritur.
653 2925 725 2998 quod
756 2925 882 2980 lunarum
904 2922 1089 2980 faciendorum
1111 2923 1146 2978 sit
1168 2940 1256 2980 causa.

57 3069 61 3077 .
182 3008 256 3081 quod
278 3025 327 3082 per
348 3009 489 3083 parricidia
511 3009 676 3080 congeritur.
768 3010 825 3065 116
850 3009 960 3078 ciconia,
984 3024 1052 3080 quae
1075 3016 1170 3062 contra
1187 3017 1257 3063 tem·

65 3084 75 3100 *
181 3091 256 3165 plum
271 3093 436 3150 Concordiae
451 3111 483 3150 ex
498 3093 644 3149 conlisione
659 3093 741 3149 rostri
761 3092 881 3147 sonitum
894 3090 966 3147 iacit.
1052 3090 1257 3148 saturicesalu-
1295 3107 1306 3118 ¹

115 3166 142 3205 Ὗ
184 3185 238 3232 ιιιο
262 3175 334 3239 nido,
358 3195 412 3233 non
436 3179 545 3252 templo.
652 3180 709 3236 119
733 3177 798 3251 quid
820 3176 923 3233 iaciunt
944 3175 1069 3249 parasiti,
1093 3193 1154 3232 cum
1176 3193 1257 3233 sena-

183 3269 256 3317 tores
279 3261 317 3316 sic
339 3261 406 3317 avidi
428 3262 482 3318 sint
503 3262 537 3319 ad
551 3259 721 3336 sportulam?
812 3262 870 3318 122
893 3261 921 3318 id
943 3269 992 3327 est,
1016 3278 1085 3335 quae
1101 3279 1155 3317 non
1172 3261 1257 3318 sulle-

181 3354 247 3403 runt
268 3363 365 3404 uxores
387 3347 528 3403 senatoris.
557 3347 588 3403 ad
618 3347 797 3421 accipiendam
820 3346 969 3421 sportulam
990 3355 1113 3402 matrona
1134 3345 1258 3418 sequitur

181 3433 277 3488 virum.
396 3433 454 3490 126
476 3430 571 3505 proler
593 3431 673 3489 Galla.
697 3434 743 3506 qui
766 3439 868 3505 erogat,
893 3431 966 3488 dicit.
1074 3430 1128 3485 noli
1151 3445 1255 3486 vexare.

183 3518 293 3574 maritus
309 3518 381 3574 dicit
492 3518 550 3576 128
575 3527 621 3574 aut
641 3519 702 3614 quia
720 3518 793 3575 iuxta
809 3515 939 3591 Apollinis
956 3515 1084 3589 templum
1098 3515 1163 3571 iuris
1178 3513 1258 3588 periti

184 3601 312 3659 sedebant
334 3600 547 3667 attractabant,
578 3610 624 3659 aut
654 3605 715 3677 quia
737 3601 953 3659 bibliothecam
947 3601 1011 3656 ruris
1033 3599 1116 3656 civilis
1138 3608 1165 3656 ct
1187 3599 1257 3655 libe-

183 3684 278 3742 ralium
305 3687 489 3745 studiorum
483 3704 510 3744 m
539 3688 638 3761 templo
662 3687 792 3764 Apollinis
821 3686 934 3743 Palatini
956 3686 1085 3742 dedicavit
1106 3688 1256 3783 Augustus

184 3787 245 3826 nam
265 3773 308 3828 bic
330 3781 371 3830 est
392 3774 499 3847 Apollo,
524 3775 600 3830 cuius
622 3783 650 3831 et
665 3774 791 3830 Horatius
814 3771 881 3846 [sut.
901 3774 926 3836 1,
945 3774 973 3836 9,
992 3769 1042 3845 78]
1057 3770 1189 3828 memrmt
1204 3758 1257 3824 ‘sic

272 3955 320 4006 11⁴1
337 3950 438 4004 habitas
453 3968 472 4018 p
544 3956 593 4008 126
610 3953 719 4020 quiescit
733 3969 753 4018 p
