2792 4444
192 205 232 266 22
676 207 781 262 Pnusu

192 401 298 463 nempe
320 383 377 443 hoc
399 380 479 461 quod
501 381 607 442 Veneri
630 381 754 443 donatae
776 400 792 442 a
813 381 929 460 virgine
950 401 1057 462 pupae.
1233 393 1262 444 ιο

191 468 264 546 quin
287 467 389 530 damus
412 467 439 528 id
463 465 586 546 superis,
609 467 645 529 de
668 484 773 546 magna
796 468 874 547 quod
898 468 968 530 dare
989 469 1074 529 lance

191 571 262 613 non
275 554 368 632 possit
389 552 487 632 magni
510 551 649 614 Messalae
671 551 750 632 lippa
773 550 929 632 propago?

189 638 386 717 compositum
407 638 454 698 ius
475 638 577 716 fasque
599 638 698 700 animo
719 647 897 716 sanctosque
918 655 1052 700 recessus

190 723 298 784 mentis
320 731 350 784 et
370 723 520 784 incoctum
542 739 688 800 generoso
711 730 814 800 pectus
835 723 983 784 honestos

190 808 263 869 haec
285 809 358 869 cedo
380 816 414 867 ut
436 808 605 868 admoveam
626 807 754 888 templis,
776 816 806 870 et
826 807 905 869 farre
927 807 1028 868 litabo.
1233 815 1261 866 ιι

709 1008 751 1081 ffl

185 1135 311 1224 ‘Nempe
331 1144 405 1206 haec
427 1143 555 1206 adsidue
591 1145 647 1206 iam
671 1146 782 1208 clarum
804 1163 891 1206 mane
913 1145 1058 1206 fenestras

49 1217 126 1376 ρ
190 1227 283 1289 intrat
304 1236 333 1291 et
354 1237 493 1308 angustas
515 1230 645 1292 extendit
666 1231 777 1293 lumine
801 1232 899 1292 rimas.

20 1309 162 1502 ,μιν
189 1313 348 1390 stertimus,
370 1314 546 1377 indomitum
568 1314 648 1396 quod
670 1316 844 1398 despumare
869 1314 1024 1376 Falernum

20 1405 96 1540 fit
114 1431 274 1544 “Varro
297 1486 399 1544 scribit.
487 1491 522 1546 7ι
548 1486 673 1559 feramus,
695 1489 799 1562 inquit,
821 1488 852 1544 ad
875 1486 1004 1561 templum
1026 1486 1096 1542 dona
1117 1484 1260 1542 conscien-

39 1513 71 1651 ff
189 1571 250 1628 tiam
272 1571 379 1644 bonam,
402 1582 429 1629 et
451 1572 489 1628 sic
510 1572 556 1629 liet
577 1581 609 1629 ut
629 1582 733 1630 tantum
754 1572 826 1630 mola
850 1571 917 1629 salsa
940 1570 1047 1628 litantes
1062 1570 1202 1627 exaudiant
1215 1571 1260 1628 dii.

190 1657 265 1731 quod
286 1666 378 1730 potest
399 1666 427 1713 et
447 1674 560 1732 pauper.
657 1658 695 1715 72
721 1657 824 1715 Cottam
845 1657 1015 1714 Messalinum
1038 1655 1118 1728 dicit,
1141 1655 1188 1730 qui
1208 1663 1262 1712 tam

188 1741 298 1798 vitiosos
321 1741 415 1799 oeulos
437 1742 464 1798 in
479 1750 617 1799 senectute
631 1741 733 1808 habuit,
757 1751 788 1800 ut
808 1741 952 1818 palpebrae
973 1743 1030 1799 eius
1052 1741 1080 1796 in
1102 1740 1260 1798 exteriorem

187 1835 292 1902 partem
319 1835 520 1884 verterentur..
546 1825 598 1884 fuit
624 1828 694 1884 enim
725 1827 815 1884 multis
845 1827 980 1902 praeditus
1008 1825 1113 1883 divitiis.
1157 1823 1201 1882 bic
1227 1823 1260 1881 ab

188 1909 398 1970 Aurelio.[}0tta
421 1911 564 1986 adoptatus
586 1911 688 1970 Marcus
711 1913 834 1971 Aurelius
850 1912 975 1978 Maximus
998 1909 1152 1976 vocabatur,
1176 1910 1260 1984 origi-

187 2014 249 2054 nem
271 1996 378 2053 trahens
400 2013 415 2053 a
438 1996 539 2053 Valerio
562 1997 670 2054 llessala
692 2000 738 2072 qui
760 1997 931 2072 septiesluit
953 1995 1065 2066 consul,
1093 1995 1140 2068 qui
1162 2011 1224 2051 cum
1246 2011 1262 2050 a

188 2083 304 2158 quodam
326 2081 399 2138 Gallo
422 2082 455 2139 ad
477 2083 688 2139 monomachiam
709 2091 866 2154 vocaretur,
888 2099 985 2139 corvus
1006 2097 1087 2155 super
1108 2079 1211 2152 galeam
1232 2081 1259 2138 in

187 2169 274 2241 capite
295 2167 352 2222 eius
373 2167 451 2231 sedit,
475 2175 503 2222 et
523 2166 594 2222 victo
616 2167 695 2224 hoste
714 2167 844 2225 Corvinus
866 2167 1013 2242 appellatus
1035 2174 1084 2224 est.
1171 2165 1209 2222 73
1234 2172 1261 2221 et
1284 2207 1285 2212 ι

186 2259 304 2309 secretas
326 2250 501 2324 cogitationes
523 2258 550 2307 et
572 2259 676 2308 sanctas
699 2261 725 2308 et
747 2252 853 2309 honesti
875 2253 1052 2316 tenacitatem,
1074 2258 1105 2306 ut
1126 2247 1185 2306 erari
1202 2264 1260 2306 non

185 2335 280 2411 possit.
368 2338 407 2393 74
430 2335 576 2409 incoctum,
599 2337 675 2394 valde
697 2346 813 2394 coctum.
901 2341 939 2396 75
963 2337 1028 2392 haec
1055 2334 1120 2391 cedo
1150 2339 1182 2390 ut
1210 2333 1261 2390 ad-

185 2437 307 2478 moveam
330 2420 446 2495 templis.
490 2437 521 2478 ce
542 2421 569 2476 in
592 2421 725 2480 hocloco
748 2422 859 2480 adiectio
890 2421 1031 2497 syllabica,
1060 2436 1122 2475 nam
1143 2419 1172 2475 in
1194 2418 1259 2476 cedo

186 2505 269 2564 verbo
291 2506 459 2580 producitur.
504 2506 547 2564 hie
570 2525 679 2602 quoque
701 2525 796 2564 sensus
818 2507 851 2563 ab
873 2507 983 2564 lloratio
1005 2514 1129 2579 sumptus
1152 2503 1260 2578 estqui

185 2591 223 2648 ait
245 2590 302 2666 [od.
326 2593 355 2664 3,
379 2593 429 2662 23,
456 2579 541 2664 17](
545 2591 668 2649 immunis
697 2609 770 2648 aram
797 2591 820 2648 si
849 2593 935 2667 tetigit
962 2608 1073 2663 manus,
1100 2605 1156 2645 non
1184 2605 1260 2645 sum·

185 2685 284 2751 ptuosa
313 2675 436 2733 blandior
464 2675 550 2732 hostia
578 2676 691 2732 mollivit
718 2693 825 2733 aversos
854 2685 964 2753 penates
993 2676 1063 2732 farre
1090 2675 1134 2749 pio
1165 2683 1245 2732 elsa
1377 2669 1378 2690 l

184 2759 267 2818 liame
288 2747 382 2816 mica'.

270 2844 305 2900 lll
342 2846 354 2901 1
389 2845 459 2900 hane
491 2843 598 2900 satiram
625 2853 706 2920 poeta
734 2862 765 2902 ex
792 2845 875 2903 Lucili
904 2845 974 2902 libro
1003 2853 1100 2919 quarto
1123 2841 1260 2900 transtulit

186 2929 318 3003 castigans
345 2928 478 2986 luxuriam
506 2937 534 2985 et
562 2929 624 2986 vitia
646 2930 766 2987 divitum.
809 2939 837 2988 et
864 2947 926 2987 enm
950 2930 1054 2989 inducit
1073 2929 1259 3005 paedagogum

186 3014 372 3089 obiurgantem
393 3014 582 3072 scholasticum
590 3015 741 3089 ,increpat
763 3016 882 3073 omnium
904 3016 1054 3090 segnitiem
1140 3015 1158 3072 2
1181 3029 1258 3069 mane

185 3099 288 3157 seilicet
309 3100 351 3156 vel
372 3117 421 3174 per
442 3099 522 3158 rimas
543 3099 723 3158 fenestrarum
744 3118 773 3156 se
796 3109 853 3157 tota
874 3101 920 3157 lux
936 3099 1062 3170 infundit,
1085 3107 1116 3156 ut
1130 3097 1189 3172 capi
1203 3113 1259 3154 non

185 3185 281 3259 possit.
368 3185 739 3244 aindomtumuatermm.
782 3186 872 3242 idest
897 3186 987 3242 vinum
1014 3183 1114 3241 multae
1144 3181 1258 3247 virtutis
1377 3227 1378 3268 ,

186 3276 218 3326 ut
241 3268 370 3344 Vergilius
393 3267 488 3344 ait[9.
512 3273 540 3339 4,
560 3259 695 3370 1021‘et
717 3272 814 3328 durum
837 3270 930 3328 bacchi
953 3271 1085 3327 domitura
1107 3254 1258 3344 saporem'.

185 3363 211 3411 et
232 3355 356 3412 Lucanus
385 3353 453 3429 [10,
481 3353 549 3428 tea]
575 3343 747 3412 ‘indomitum
776 3355 866 3412 llaroe
894 3372 994 3430 cogens
1021 3370 1146 3430 spumare
1169 3352 1260 3409 Faler-

185 3426 277 3497 num'.
321 3457 417 3497 sensns
446 3446 535 3496 autem
562 3439 612 3496 iste
642 3450 697 3497 est:
729 3449 783 3497 ιιιιι
805 3440 933 3500 diuturno
956 3457 1055 3515 sopore
1077 3438 1259 3513 deprimimur,

186 3531 218 3580 ut
238 3526 342 3598 possint
364 3526 410 3600 qui
424 3524 504 3580 nimia
527 3523 656 3582 ebrietate
678 3526 779 3599 gravati
801 3535 875 3599 sunt,
899 3537 952 3584 tam
974 3527 1056 3600 longo
1081 3541 1175 3581 somno
1199 3538 1261 3579 cra-

270 3691 302 3740 70
321 3704 334 3739 a
353 3704 403 3740 om.
423 3695 446 3740 α
522 3691 554 3740 72
572 3687 682 3741 messala
703 3696 726 3741 ot
797 3691 828 3742 73
847 3689 946 3742 animos
965 3688 1123 3740 Panimimo
1140 3687 1164 3738 B
1182 3685 1262 3739 animi

185 3759 204 3820 ς
221 3755 380 3807 Lactantius
465 3759 498 3808 74
516 3757 652 3809 boneslnm
672 3765 696 3809 α
784 3760 815 3808 75
834 3756 984 3810 admoneam
1003 3758 1025 3808 B
1043 3756 1197 3808 admoueant
1214 3755 1264 3806 sed

187 3828 216 3876 nl
234 3825 369 3876 adsimiles
386 3838 410 3875 m
429 3825 534 3875 litterae
553 3827 576 3875 P

273 3891 304 3944 lll
323 3897 465 3961 satyrarum
484 3891 515 3944 lll
534 3892 647 3958 loquitm
671 3892 704 3944 ad
727 3891 850 3945 desidiB
871 3891 1013 3958 increpatio
1036 3889 1150 3943 desidiae
1172 3889 1265 3942 buma-

184 3961 275 4012 naeP
375 3961 443 4026 Sepe
460 3962 486 4012 A
504 3959 631 4028 ScppeB

394 4051 485 4092 ''N-m...

431 4079 580 4326 ,s
