2804 4442
155 104 195 162 88
608 101 780 153 tvvuttatts

156 275 293 352 aequales
316 273 434 334 habitus
456 273 515 333 illic
537 271 707 351 similesque
729 272 841 333 videbis

157 360 337 422 orchestram
361 366 391 420 et
412 357 565 437 populum,
589 357 658 416 clari
682 357 814 418 velamen
838 357 961 417 honoris

156 445 308 506 sufficiunt
329 443 448 504 tunicae
470 441 593 503 summis
614 442 757 504 aedilibus
779 441 870 502 albae.

98 514 203 590 hic
225 529 303 590 ultra
324 529 402 600 vires
424 526 541 587 habitus
564 526 654 597 nitor,
677 527 725 587 hic
746 526 854 624 aliquid
879 526 946 604 plus
1153 597 1159 610 ⁶
1188 538 1232 589 1811

102 617 245 692 nquam
267 613 337 675 satis
360 620 406 674 est
428 612 578 672 interdurn
599 603 696 673 aliena
719 612 845 673 sumitur
867 628 944 670 arca.
1046 684 1056 693 α
1085 661 1100 697 ·.
1146 663 1191 698 A

51 728 54 737 ι
103 757 106 767 ,
156 717 313 760 commuue
336 697 366 757 id
387 697 489 757 vitium
513 703 567 768 est,
590 696 638 755 hic
660 696 783 756 vivimus
805 694 959 756 ambitiosa
1093 681 1157 720 ‘⁴⁴'

84 784 328 880 paupertate
351 800 464 843 omnes.
509 780 579 859 quid
600 789 630 841 te
653 779 777 841 moror?
800 765 900 841 omnia
921 779 1032 840 Romae

155 887 223 928 cum
246 868 352 947 pretio.
397 867 551 945 quiddam,
574 873 608 925 ut
630 865 754 927 Cossum
777 866 935 944 aliquando
958 861 1089 926 salutes?

155 961 188 1014 ut
210 960 239 1012 te
263 951 402 1031 respiciat
424 952 523 1012 clauso
546 949 670 1011 Veiento
693 949 821 1011 labello?
925 973 989 1014 ιιι
1010 961 1098 992 ιιι-ι
1185 959 1229 1012 185

153 1037 203 1097 ille
225 1037 309 1098 metit
330 1036 463 1109 barbam,
486 1035 600 1095 crinem
597 1021 669 1096 hic
692 1035 817 1114 deponit
837 1033 943 1108 amati;

153 1099 259 1201 plena
265 1122 371 1183 domus
392 1120 460 1182 libis
483 1119 648 1181 venalibus:
672 1121 773 1199 accipe
796 1128 826 1180 et
846 1118 924 1193 istud

154 1208 335 1292 termentum
357 1205 411 1266 tibi
433 1205 523 1268 habet
563 1215 713 1283 praestare
735 1205 844 1265 tributa
867 1204 991 1264 clientes

10 1310 36 1348 ιι
78 1313 128 1378 ,ιι
155 1287 290 1370 cogimur
312 1299 341 1351 ct
362 1290 450 1352 cultis
472 1308 579 1368 augere
601 1291 716 1370 peculia
740 1291 840 1351 servis.

28 1377 32 1391 ’
60 1367 73 1390 ‘⁴
197 1377 264 1454 quis
284 1376 368 1436 timet
389 1383 439 1435 aut
460 1373 558 1434 timuit
580 1375 675 1453 gelida
696 1375 855 1435 Praeneste
878 1373 995 1432 ruinam
1186 1381 1229 1432 190

155 1470 205 1521 aut
227 1461 331 1540 positis
356 1477 510 1521 nemorosa
533 1459 611 1521 inter
633 1460 700 1538 iuga
723 1459 862 1520 Volsiniis
884 1465 935 1518 aut

154 1545 337 1624 simplicibus
360 1545 459 1605 Gabiis
481 1552 531 1603 aut
552 1544 641 1622 proni
664 1544 783 1604 Tiburis
804 1540 895 1603 arce?
1031 1605 1036 1628 ι
1058 1573 1100 1620 05

46 1671 49 1678 ·
96 1694 100 1700 ,
113 1649 210 1690 nos
232 1629 338 1690 urbem
360 1629 485 1689 colimus
507 1629 589 1689 tenui
612 1627 735 1689 tibicine
757 1627 861 1706 sultam
971 1585 988 1680 i
1021 1613 1049 1638 ‘'

35 1788 39 1803 ι
79 1720 82 1736 ¹
108 1696 259 1816 χιιιιιιιιιι
282 1721 365 1794 parte
388 1700 543 1792 ιιιίᾒιιιιιι
565 1713 655 1773 sica
629 1693 798 1774 (bentibus
814 1699 917 1773 obstat

39 1808 53 1876 ᾗ
77 1830 100 1858 ,ι
152 1799 265 1872 vilicus,
288 1807 318 1859 et
338 1798 444 1859 veteris
467 1798 558 1858 rimae
582 1816 649 1858 curn
671 1799 744 1860 texit
766 1798 888 1894 hiatum,

11 1913 12 1920 ι
99 1878 104 1895 ‘
153 1901 275 1945 securos
297 1883 447 1963 pendente
470 1882 551 1944 iubet
573 1883 703 1943 dormire
729 1883 825 1943 ruina.

152 1969 309 2030 vivendum
333 1968 458 2030 estillic
480 1968 532 2028 ubi
555 1968 635 2028 nulla
658 1967 804 2041 incendia,
828 1966 902 2026 nulli

104 2125 107 2132 ¹
153 2062 241 2115 nocte
263 2063 370 2114 metus.
415 2053 472 2112 iarn
495 2052 592 2131 poscit
614 2070 730 2148 aquarn,
753 2052 810 2112 iam
834 2051 936 2110 frivola
958 2029 1184 2110 transfert

68 2156 100 2192 ..ι
152 2137 311 2217 Vcalegon‚
334 2137 463 2222 tabmata
485 2135 569 2196 tibi
562 2155 619 2196 ιιιιι
642 2136 728 2197 tertia
751 2127 880 2196 fumant:

13 545 83 646 ,1911

240 2312 298 2366 177
307 2318 411 2366 actores
422 2309 565 2365 mimorum
577 2308 674 2364 similes
682 2307 879 2384 spectatoribus
890 2307 987 2371 videas,
1000 2323 1031 2362 ex
1042 2306 1124 2363 vestis
1134 2305 1227 2363 habitu

150 2411 240 2468 pares.
323 2397 380 2453 178
397 2394 537 2451 orchestra
551 2393 667 2469 spatium
684 2394 711 2450 in
727 2411 782 2468 qno
798 2392 876 2450 saltat
891 2393 1080 2465 pantomimus.
1103 2391 1144 2446 vel
1159 2390 1227 2448 idem

150 2481 196 2554 qni
219 2481 244 2535 in
268 2480 405 2536 orchestra
427 2479 549 2553 procedit
570 2489 618 2535 aut
639 2488 786 2553 spectatur.
877 2479 935 2536 180
959 2484 1050 2550 potest
1071 2493 1129 2532 esse
1150 2478 1228 2550 geni-

150 2565 234 2629 tivus,
264 2565 344 2622 huius
367 2564 473 2620 habitus
495 2563 577 2620 nitor.
599 2573 716 2637 possunt
738 2572 764 2619 et
785 2561 889 2636 singula
910 2561 1079 2636 pronuntiari
1102 2563 1227 2617 nomina-

149 2649 203 2707 tivo
226 2666 300 2707 casu.
391 2651 450 2707 184
473 2657 539 2704 tuuc
560 2649 689 2721 temporis
712 2647 828 2703 nobilem
851 2655 878 2702 et
898 2646 1055 2720 superbum.
1167 2647 1225 2704 188

149 2733 322 2790 fermentum.
352 2731 469 2788 dulcium
491 2732 604 2803 malurn,
633 2733 707 2806 quod
729 2731 896 2788 stomachum
918 2732 1077 2805 indigestum
1099 2739 1227 2805 praestat.

160 2885 162 2890 ,
234 2825 372 2891 praestare
396 2816 504 2873 tributa.
528 2817 556 2874 id
578 2825 619 2872 est
640 2817 722 2874 servis
744 2818 844 2874 donare
860 2817 990 2891 cogimur,
1013 2826 1044 2872 ut
1058 2814 1228 2872 admittamur
1327 2849 1329 2856 ·

148 2904 183 2959 ad
204 2902 392 2960 salutationem
415 2902 594 2958 dominorum.
685 2904 742 2961 189
765 2901 834 2958 bene
854 2902 966 2958 vestitis.
982 2901 1084 2999 qnippe
1099 2899 1168 2956 leste
1184 2900 1227 2956 die

148 3005 208 3045 suu.
298 2991 356 3047 190
380 2995 428 3044 aut
449 2987 481 3043 ab
505 3004 633 3062 aquarum
655 2987 816 3044 abundantia
838 2987 902 3042 dicit
913 2973 1033 3060 ‘gelidass
1056 2985 1118 3060 quia
1134 3001 1227 3041 omues

147 3089 232 3146 aquae
254 3074 282 3128 in
305 3073 400 3130 urbem
421 3073 484 3129 inde
505 3073 625 3138 veniunt,
649 3082 696 3129 aut
710 3073 880 3145 lrigcrosam.
970 3073 1028 3129 192
1045 3087 1101 3127 non
1116 3069 1227 3126 ornatis.

200 3159 260 3214 in
272 3158 428 3256 praecipiti
456 3160 558 3230 posita,
586 3167 617 3215 ut
644 3158 770 3214 lloratius
800 3156 855 3232 [od.
880 3159 908 3220 3,
932 3159 961 3220 4,
979 3155 1032 3228 23]
1064 3146 1227 3230 ‘clivumque

147 3229 296 3316 supinum.
407 3245 464 3301 193
491 3252 624 3316 tamquam
645 3243 760 3300 tibicina.
783 3243 810 3299 id
833 3251 874 3298 est
895 3241 1003 3298 materia
1026 3241 1142 3312 gracilis.

236 3331 295 3387 196
319 3337 447 3402 rupturas
469 3327 601 3424 parietum
623 3328 695 3384 calce
717 3328 821 3384 modica
843 3326 1011 3422 perfundunt
1032 3334 1060 3382 et
1080 3325 1225 3401 inquilinos

63 3427 65 3434 ⁴
143 3414 240 3470 iubent
261 3431 380 3484 manere,
403 3422 537 3486 tamquam
559 3413 582 3467 si
603 3421 799 3469 restaurassent
820 3412 933 3468 ruinam.
1025 3413 1082 3469 199
1107 3420 1137 3468 ut
1153 3411 1225 3484 Virg.

145 3488 226 3578 [Aen.
251 3500 279 3560 2
305 3488 407 3572 311]‘
411 3500 461 3554 iam
443 3495 621 3602 proximus
643 3497 718 3553 ardet
740 3483 896 3570 Vcalegcn.
984 3495 1096 3552 fumant.
1117 3494 1226 3567 superi-

235 3645 283 3696 182
302 3643 432 3695 ambrtiosi
452 3644 518 3708 Ppr.
591 3609 643 3697 186
662 3645 739 3696 amati
758 3644 879 3694 radendo
897 3641 1002 3702 sactum
1020 3661 1055 3694 ecc
1073 3645 1187 3694 amatur?
1205 3643 1228 3692 P

106 3709 374 3897 millib:
395 3712 866 3906 ἰῗιιῖῗιιιᾬῑῗὲξῗῗψή9111111
884 3780 907 3829 ιι
923 3711 1028 3844 ..tlt
1049 3712 1073 3762 Ρ
1093 3708 1225 3830 ιι1111111

253 3861 270 3896 ι
383 3862 397 3896 c
