2804 4442
186 168 225 228 90
634 167 808 220 lVVENALlS

184 350 349 421 suspectus,
371 349 519 419 tamquam
544 339 607 417 ipse
629 358 696 401 suas
718 341 886 401 incenderit
907 341 1003 402 aedes.

185 428 209 487 si
232 435 317 506 potes
340 425 422 485 avelli
446 425 640 498 circensibus
664 425 774 504 optima
798 426 889 486 Sorae

184 521 235 572 aut
257 510 444 571 Fabrateriae
467 509 572 570 domus
594 520 645 571 aut
666 509 835 571 Frusinone
857 518 988 590 paratur,

185 596 287 675 quanti
312 614 392 656 nunc
413 593 553 655 tenebras
576 613 669 655 unum
693 595 836 656 conducis
858 595 888 655 in
911 612 1032 654 annum.
1212 606 1257 657 221

186 682 322 743 hortulus
343 679 391 740 hic
413 688 580 759 puteusque
602 679 699 742 brevis
722 699 777 742 nee
801 690 879 741 reste
902 681 1073 754 movendus,

185 768 215 828 in
241 767 339 827 tenuis
361 764 476 843 plantas
498 763 576 824 sacili
599 765 775 826 diffunditur
795 765 913 826 haustu.

185 853 248 912 vive
270 850 399 912 bidentis
421 867 522 910 amaus
545 859 574 909 et
596 850 669 910 culti
691 850 794 911 vilicus
816 849 906 922 horti

185 937 265 998 unde
288 935 407 1015 epulum
430 935 527 1013 possis
550 943 670 995 centum
693 935 763 996 dare
785 934 986 1013 Pythagoreis.

186 1030 230 1082 est
253 1021 372 1099 aliquid,
396 1037 585 1098 quocumque
608 1019 685 1092 loco,
709 1038 897 1098 quocumque
920 1037 1039 1081 recessu
1214 1028 1258 1080 ato

186 1107 274 1167 unius
296 1124 361 1166 sese
382 1105 535 1166 dominum
558 1103 663 1165 fecisse
685 1105 821 1166 lacertae.
1097 1105 1100 1114 ’

228 1191 374 1271 plurimus
396 1190 444 1249 hic
466 1207 555 1268 aeger
577 1189 704 1250 moritur
724 1189 881 1269 vigilando,
904 1186 986 1248 sed
977 1205 1076 1266 ipsum
1226 1249 1245 1275 ..-

186 1277 358 1355 languorem
382 1275 498 1353 peperit
521 1273 605 1336 cibus
627 1276 811 1354 inperfectus
834 1281 863 1334 et
884 1274 1011 1334 haerens
1155 1289 1245 1357 11

124 1360 301 1448 11111111
324 1359 489 1432 stomacho;
513 1377 580 1419 nam
603 1378 678 1437 quae
700 1359 849 1420 meritoria
872 1375 1010 1418 somnum
1135 1344 1150 1378 ‘¹'
1182 1378 1184 1387 ⁴

118 1442 367 1506 admittunt?
390 1445 506 1522 magnis
529 1443 635 1522 opibus
657 1444 832 1505 dormitur'
825 1463 855 1504 1n
879 1442 964 1504 urbe.
1150 1462 1228 1531 11
1213 1449 1257 1504 231
1284 1433 1344 1521 pil

187 1532 256 1592 inde
279 1538 368 1609 caput
391 1529 496 1591 morbi.
540 1529 695 1590 raedarum
718 1529 859 1590 transitus
881 1536 945 1587 arto
1098 1507 1250 1645 ps*
1201 1542 1265 1658 5th
1258 1525 1321 1627 :tet

186 1617 317 1676 vicorum
341 1614 450 1674 inflexu
474 1621 504 1674 et
523 1613 629 1674 stantis
651 1615 783 1675 convicia
807 1613 947 1673 mandrae
1044 1565 1088 1647 p⁴
1158 1583 1187 1639 l
1199 1674 1207 1684 ,

114 1734 118 1752 ι
117 1701 316 1808 eripient
338 1716 476 1759 somnum
500 1698 596 1782 llflso
618 1693 774 1782 vitulisque
796 1696 929 1758 maiinis.
960 1687 1059 1765 W
1113 1633 1226 1740 worp

147 1773 208 1847 si
231 1794 316 1844 vocat
338 1783 478 1856 officium,
501 1781 588 1842 turba
611 1775 735 1844 cedente
755 1777 880 1844 vehetur

81 1913 85 1921 -
186 1871 266 1930 dives
289 1878 318 1929 et
340 1867 453 1948 ingenti
477 1877 577 1929 curret
598 1886 689 1946 super
713 1887 763 1930 ora
786 1868 917 1930 Liburna
999 1881 1007 1930 ·.

186 1967 274 2032 atque
297 1954 394 2014 obiter
414 1953 492 2032 leget
515 1960 564 2014 aut
587 1953 696 2014 scribet
716 1955 762 2015 vel
784 1953 912 2013 dormiet
934 1951 1031 2024 intus;

188 2058 317 2118 namque
340 2039 410 2099 lacit
431 2055 568 2098 somnum
594 2038 692 2099 clausa
713 2039 815 2099 lectica
839 2039 977 2098 fenestra.

187 2133 256 2185 ente
276 2132 375 2184 tamen
398 2123 511 2182 veniet:
536 2122 622 2182 nobis
645 2122 875 2202 properantibus
898 2129 995 2200 opstat

186 2209 265 2270 unda
287 2208 380 2287 prior,
403 2224 511 2285 magno
534 2207 663 2285 populus
685 2207 794 2287 premit
816 2205 933 2286 agmine
955 2205 1072 2266 lumbos

186 2387 271 2437 meret
298 2395 371 2434 nune
391 2378 436 2434 ille
458 2378 557 2453 Babylo
580 2378 626 2435 llll
648 2364 752 2434 111111.
883 2379 942 2436 222
965 2377 1026 2433 ideo
1048 2374 1173 2450 suspicati
1196 2380 1261 2430 sunt

186 2465 259 2522 ultro
280 2464 370 2538 ipsum
391 2464 561 2521 succendisse
583 2465 673 2519 domui
695 2479 775 2527 suae,
804 2463 931 2558 quoniam
952 2462 1063 2518 meliora
1084 2471 1111 2517 et
1132 2459 1261 2534 ampliora

186 2551 209 2608 ei
232 2548 759 2607 102111111122411111111111
782 2549 890 2604 nomina
914 2547 1078 2621 Campaniae.
1198 2545 1258 2602 229

186 2645 258 2692 secta
287 2634 526 2708 philosophorum,
556 2635 602 2707 qni
624 2632 658 2688 ab
681 2632 838 2688 animalibus
859 2632 993 2689 abstinent
1014 2640 1041 2690 et
1063 2631 1136 2688 olera
1157 2639 1261 2686 tantum

185 2720 357 2776 manducant.
445 2718 504 2774 231
530 2717 680 2772 notandum
701 2716 762 2790 quia
778 2716 908 2772 leminino
924 2733 1031 2814 genere
1037 2716 1101 2773 dixit
1112 2705 1259 2779 ‘’,lacertae

187 2820 248 2860 cum
271 2800 395 2876 Virgilius
419 2799 482 2875 [ecl
506 2802 534 2864 2,
559 2798 588 2874 9]
613 2800 760 2857 masculino
783 2801 878 2858 dixerit
895 2788 1044 2859 τ’.11111111
1133 2801 1260 2859 23411-

187 2885 268 2942 berna
299 2887 331 2942 ab
360 2902 392 2943 eo
421 2886 494 2959 quod
523 2886 660 2941 mercedes
682 2895 809 2959 praestat.
941 2889 1001 2946 235
1024 2902 1119 2960 magna
1140 2883 1261 2960 potentia

186 2971 319 3028 silentium
349 2970 495 3045 imponitur
521 2971 614 3026 vicinis
643 2970 807 3027 tabernariis.
837 2970 879 3027 vel
906 2988 1004 3045 magno
1032 2971 1119 3045 pretio
1150 2986 1261 3027 somnus

186 3065 301 3112 constat.
389 3057 448 3115 233
473 3057 607 3112 mandrae.
629 3055 706 3112 locus
725 3058 750 3110 in
767 3072 821 3130 quo
837 3057 912 3128 porci
927 3057 1112 3113 includuntur.
1199 3055 1260 3113 238

185 3143 287 3197 Drusus
310 3143 357 3216 qui
378 3141 493 3198 multum
516 3141 673 3198 dormiebat
790 3143 850 3199 239
874 3142 895 3196 11
918 3141 1034 3199 officinm
1057 3141 1207 3197 laciendum
1227 3139 1263 3195 sit

187 3225 292 3282 consuli
314 3243 344 3282 ae
365 3227 492 3300 praetori,
516 3227 641 3299 disponit.
735 3228 794 3284 240
817 3226 971 3283 liburnaa.
993 3227 1086 3284 lectica
1108 3242 1203 3324 magna
1226 3223 1262 3279 li·

187 3310 309 3382 11111111,
331 3327 383 3367 nec
404 3311 514 3384 gerulus
528 3310 672 3367 Liburnus
694 3312 752 3383 ipse
770 3301 860 3368 ‘tarde
882 3328 985 3370 venisse
999 3297 1141 3368 Liburnus
1166 3311 1193 3365 in
1215 3325 1263 3365 se-

186 3399 276 3454 cundo
299 3396 368 3453 libro
391 3394 431 3470 [6,
457 3395 539 3469 llll.
640 3397 700 3454 243
725 3412 779 3470 quo
802 3395 918 3462 festinat,
941 3406 1004 3454 ante
1025 3413 1075 3453 nos
1096 3393 1178 3465 venit,
1200 3409 1262 3449 cum

187 3481 220 3537 ab
242 3482 365 3539 omnibus
393 3480 431 3537 illi
459 3481 536 3538 locus
557 3480 713 3536 transeundi
735 3481 823 3538 detur.

272 3646 476 3710 224pareturp
559 3645 609 3696 226
626 3644 777 3708 mouendus]
797 3658 827 3696 us
846 3659 915 3695 corr
934 3661 969 3694 11·
987 3648 1026 3695 11
1045 3647 1068 3696 P
1148 3641 1263 3710 227111-

189 3710 303 3763 funditur
321 3714 427 3763 Pcorr.
444 3728 462 3779 p
584 3715 633 3764 232
652 3727 728 3777 aeger
745 3714 775 3761 io
794 3712 879 3762 lituro
899 3716 983 3761 totum
1001 3715 1025 3763 P
1125 3711 1171 3763 sed
1179 3705 1261 3763 illum

187 3781 344 3830 Priscianus
363 3779 437 3831 GLK.
456 3780 527 3845 Ilp.
546 3780 595 3832 409
613 3779 706 3831 11427
725 3779 922 3844 1111111233
1020 3781 1068 3832 235
1088 3779 1177 3832 urbem
1196 3780 1262 3843 Ppr.

273 3848 322 3898 236
340 3849 490 3914 praedarum
509 3848 576 3912 Ppr.
675 3851 723 3900 231
742 3847 833 3898 1111111
850 3863 883 3912 p:
904 3847 982 3898 tantis
1000 3851 1024 3899 P
1117 3844 1262 3900 23811111

187 3915 289 3981 Spayer
359 3917 408 3966 240
426 3914 524 3965 liburna
543 3915 574 3965 P:
593 3913 695 3965 liburno
712 3931 730 3979 p
