2792 4444
149 219 190 278 52
633 220 738 274 PERSll

52 435 94 484 ἦ,
147 413 200 455 seu
222 411 323 454 ceraso
347 403 474 472 peccent
494 393 599 467 casiae,
623 373 739 467 neicire
762 405 891 474 paratus.

19 493 47 555 p
90 471 171 539 ·.o‘t
216 497 231 538 e
253 478 332 538 bona
355 478 512 540 incolumis
534 473 725 542 minuasl'et
746 480 863 543 Restius
886 489 993 558 urguet

16 581 81 728 p

87 547 108 590 ι’

1016 481 1184 595 <ww

169 571 286 624 octores
309 563 427 624 Graios:
448 555 512 624 “ita
535 565 580 639 bt3
604 574 759 643 postquam
783 584 886 645 sapere
910 565 977 626 urbi

149 667 216 709 cum
239 649 341 728 pipere
365 659 395 708 et
416 648 520 729 palmis
542 649 623 709 venit
646 658 780 711 nostrum
802 651 859 712 hoc
881 651 1110 746 marisflpers‚

148 733 314 794 faenisecae
337 752 435 795 crasso
457 734 598 795 vitiarunt
621 735 755 812 unguine
776 727 902 815 pultes.''

150 819 222 879 haec
244 820 346 880 cinere
367 819 492 880 ulterior
513 809 644 880 metuas.³
685 827 715 880 at
737 829 778 893 tu,
800 839 885 882 meus
907 821 993 883 beres

150 903 283 982 quisquis
307 904 374 977 eris,
397 905 517 983 paulum
540 923 555 962 a
577 904 663 964 turba
687 905 836 966 seductior
859 906 936 966 audi.
1179 964 1184 972 .

149 1007 166 1048 o
189 988 277 1062 bone,
301 1007 372 1049 uum
396 986 538 1068 ignoras?
561 989 647 1050 missa
670 999 716 1050 est
737 1008 752 1050 a
775 990 898 1052 Caesare
919 991 1020 1052 laurus
1077 1013 1138 1116 ll*
1183 999 1220 1054 a*

151 1074 298 1150 insignem
322 1072 359 1133 ob
383 1074 494 1134 cladem
518 1074 681 1135 Germanae
703 1075 800 1154 pubis,
824 1086 854 1136 et
876 1077 935 1138 aris
963 1087 986 1104 ·”

149 1159 273 1237 frigidus
295 1159 443 1220 excutitur
465 1159 550 1233 cinis,
573 1177 607 1219 ac
630 1159 686 1219 iam
708 1158 844 1239 postibus
866 1179 955 1234 arma,
1196 1171 1225 1220 45

149 1243 206 1303 iam
230 1244 397 1324 chlamydas
419 1261 533 1323 regum,
557 1244 612 1304 iam
636 1245 715 1305 lutea
737 1263 863 1324 gausapa
886 1246 979 1326 captis

151 1329 312 1407 essedaque
335 1330 533 1408 ingentesque
555 1329 633 1389 locat
655 1327 796 1390 Caesonia
819 1329 950 1392 Rhenes.

150 1414 194 1475 dis
216 1415 306 1492 igitur
328 1415 476 1493 genioque
499 1414 583 1475 ducis
606 1425 726 1475 centum
749 1415 830 1494 paria
854 1414 892 1476 ob
916 1434 964 1477 res

150 1501 268 1578 egregie
289 1509 385 1577 gestas
407 1501 526 1560 induco.
564 1499 631 1578 quis
652 1497 752 1560 vetat?
774 1499 859 1598 aude.

149 1603 210 1658 rae,
233 1585 291 1646 nisi
313 1585 442 1645 conives.
480 1585 578 1645 oleum
601 1593 809 1663 artocreasque
831 1585 950 1666 popello

150 1669 269 1748 largior.
308 1687 345 1729 an
369 1667 534 1749 prohibes?
557 1669 604 1729 dic
626 1669 714 1730 clare.
749 1661 935 1766 ‘nffiadeo’
961 1669 1061 1749 inquis
1076 1725 1082 1743 ,
1096 1655 1159 1796 ΒΜ
1174 1639 1270 1778 (ὠ)

1063 1761 1084 1833 Χ
1133 1761 1173 1824 UH·
1188 1765 1223 1844 lq*⁴

236 1843 275 1900 36
299 1841 387 1898 solent
407 1840 578 1916 pigmentarii
599 1857 692 1898 ceraso
714 1841 811 1898 casiam
833 1842 994 1906 admiscere,
1024 1787 1094 1899 sidut
1116 1850 1143 1897 et
1163 1837 1226 1895 alias

149 1943 250 1983 merces
273 1926 433 1984 adulterant.
564 1930 608 1987 37
634 1927 714 1992 uerba
736 1927 821 1992 avari,
853 1944 921 2002 quae
949 1926 997 1984 sibi
1019 1943 1034 1983 a
1056 1944 1106 1984 suo
1129 1924 1227 1981 berede

151 2011 221 2069 dicta
256 2011 347 2086 fingit:
385 2020 451 2072 tune
476 2029 546 2074 ‚rem
580 2009 734 2068 familiarem
766 2014 798 2069 ad
832 2030 874 2070 me
908 2023 951 2069 tna
984 2021 1071 2069 morte
1103 2009 1228 2067 defluxu-

148 2095 352 2170 rammindos'l
425 2098 479 2156 ’38
503 2115 535 2153 eo
558 2097 639 2154 modo
663 2098 775 2170 contigit
796 2104 827 2152 ut
848 2106 983 2156 externam
1003 2095 1159 2169 sapientiam
1175 2111 1227 2169 pa-

149 2183 214 2237 riter
236 2199 296 2238 curn
318 2181 467 2256 peregrinis
489 2180 623 2238 mercibus
645 2198 801 2238 emeremus.
922 2185 961 2240 40
984 2197 1073 2238 crasso
1095 2180 1226 2253 unguine.

150 2266 211 2338 quia
234 2282 294 2322 cum
317 2264 424 2323 rusticis
446 2265 535 2323 oleum
557 2265 680 2331 deluerit,
703 2267 808 2341 adipem
822 2268 956 2342 pecudum
971 2267 996 2322 in
1012 2265 1101 2340 pultes
1115 2265 1227 2334 missurn

149 2367 200 2425 pro
225 2350 285 2407 olco
307 2351 450 2425 accipiunt.
522 2355 559 2410 41
586 2351 666 2408 verba
688 2353 771 2408 Persii
792 2354 826 2409 ad
847 2369 964 2418 avarum,
989 2352 1085 2426 quise
1108 2351 1141 2408 de
1163 2368 1227 2408 rer-

149 2435 190 2491 bis
213 2436 254 2494 sci
276 2437 389 2502 heredis,
413 2453 447 2493 ue
469 2436 612 2510 largiretur
632 2437 715 2512 inopi,
739 2437 891 2495 excusabat.
915 2447 942 2494 et
963 2437 1016 2494 boo
1038 2437 1113 2493 dicit:
1146 2453 1227 2492 num·

151 2521 219 2595 quidv
237 2533 389 2601 postquam,
403 2522 526 2596 sepultus
548 2522 645 2589 lueriss
664 2523 757 2580 timeas
780 2541 813 2580 ne
835 2525 892 2579 sine
913 2522 1062 2579 honoribus
1085 2521 1162 2578 lieres
1180 2520 1227 2578 tibi

150 2606 234 2666 liciat*
260 2597 446 2682 sepulturam?
577 2610 617 2665 43
641 2625 657 2664 ο
680 2608 716 2663 mi
744 2609 836 2673 lieres,
866 2624 901 2664 ne
929 2615 956 2664 te
977 2609 1045 2664 scire
1068 2607 1225 2670 dissimules,

151 2708 285 2765 cognosce
307 2693 424 2748 Caesaris
448 2692 576 2766 grandem
599 2695 631 2748 de
654 2692 790 2749 Germanis
813 2693 987 2767 triumphum.
1021 2691 1228 2767 propterquod

150 2775 250 2849 templa
276 2776 354 2832 donis
382 2785 409 2833 et
436 2792 497 2833 arae
527 2776 639 2833 victimis
661 2776 695 2835 ab
717 2778 843 2834 omnibus
866 2778 1044 2835 cumulantur.
1078 2788 1105 2834 et
1127 2794 1178 2851 ego
1200 2777 1227 2832 in

149 2858 283 2916 honorem
305 2862 418 2918 deorum
440 2861 481 2916 vel
504 2861 632 2936 principis
654 2863 734 2936 genio
756 2863 883 2922 sacrificia
904 2880 1035 2938 praeparo
1058 2863 1146 2919 omnia
1161 2878 1228 2920 cen-

151 2954 213 3001 tena
235 2954 359 3011 mactare,
383 2945 410 3002 id
432 2954 473 3002 est
495 2955 603 3003 centum
626 2957 718 3004 tauros
739 2957 767 3006 et
787 2959 895 3006 centurn
918 2965 992 3005 oves.
1078 2951 1117 3005 45
1141 2947 1228 3022 capti-

150 3047 245 3088 vorum
268 3048 341 3089 arma
363 3030 398 3089 ob
420 3031 547 3090 indicium
569 3032 695 3090 victoriae
716 3034 742 3090 in
765 3034 888 3109 postibus
909 3033 1069 3108 figebantur.
1139 3034 1179 3090 46
1195 3033 1228 3088 ad

151 3115 322 3189 splendorem
345 3117 471 3192 triumphi
494 3126 580 3176 vestes
604 3119 707 3176 nobiles
728 3119 811 3194 ipsius
834 3136 902 3177 uxor
923 3117 1049 3193 principis
1077 3126 1228 3192 praeparat.

151 3217 267 3276 gausapa
288 3200 352 3259 dicit
373 3220 459 3276 genus
481 3201 553 3277 pillei
576 3221 631 3278 quo
654 3205 819 3279 captivorum
841 3205 926 3281 capita
947 3204 1137 3262 induebantur.

237 3290 274 3345 51
301 3288 388 3343 omnia
410 3287 512 3363 populo
534 3290 689 3362 expendam.

170 3451 172 3456 ’
238 3436 270 3486 36
289 3435 418 3501 piceuta
493 3438 621 3487 castaeP
697 3439 729 3488 37
748 3435 997 3489 Tune-minuas?
1015 3442 1042 3488 et
1057 3439 1090 3490 41
1109 3435 1227 3488 llaec-

152 3504 270 3553 metuas?
292 3506 364 3556 ictor
380 3521 409 3555 se
433 3506 601 3568 transposuit
618 3503 756 3566 Sternetur,
781 3521 875 3556 ueram
893 3507 997 3557 at-‹tc
1016 3508 1154 3571 posterius
1177 3505 1229 3553 bue

152 3573 291 3620 accessisse
310 3575 424 3623 mnisott
443 3572 469 3624 C.
486 3571 520 3624 F.
538 3572 707 3622 Hermonem
776 3580 801 3624 et
820 3576 880 3625 ctP:
901 3572 946 3625 sed
963 3589 981 3637 p
1052 3575 1084 3626 39
1097 3573 1185 3638 pipere
1196 3586 1228 3637 p:

151 3638 225 3704 piper
244 3640 298 3689 αΡ
372 3643 406 3693 40
424 3655 508 3692 crassa
527 3643 583 3692 αΡ
657 3643 687 3693 44
706 3639 753 3692 llic
772 3640 866 3692 rneride
884 3641 992 3693 ulterior
1010 3648 1033 3692 α
1112 3643 1144 3694 43
1164 3637 1230 3691 Obe-

152 3719 212 3756 num
230 3705 333 3770 ignoras
352 3714 376 3757 α
486 3710 521 3760 44
538 3707 643 3760 candem
662 3708 836 3774 Plaudemp
948 3710 982 3761 46
1000 3707 1123 3760 clamides
1140 3707 1230 3759 Pela-

151 3773 234 3824 mides
252 3781 275 3824 α
377 3775 460 3841 captis
478 3776 503 3825 Ρ
523 3777 678 3827 macianus
700 3792 729 3841 p.
746 3776 798 3829 333
816 3783 843 3828 at
857 3777 922 3830 350:
949 3778 1026 3829 uictis
1046 3782 1070 3827 α
1087 3776 1129 3827 uel
1154 3775 1230 3828 uictis

151 3843 288 3906 margoP
355 3846 387 3894 tt
406 3843 524 3907 ingentes
541 3847 599 3894 aine
618 3859 668 3912 que
687 3851 710 3894 α
780 3846 875 3897 rhenus
894 3852 918 3895 α
989 3846 1021 3897 48
1041 3844 1110 3910 paria
1132 3857 1181 3894 om.
1199 3846 1230 3893 in

151 3925 233 3959 uersu
251 3909 313 3960 add.
336 3913 366 3960 in
388 3914 512 3975 margins
535 3912 559 3961 P
581 3914 663 3978 patria
682 3919 706 3964 α
810 3916 843 3966 49
868 3911 1011 3978 aegregiae
1032 3914 1057 3963 P
1077 3912 1185 3978 Egregia
1206 3916 1230 3960 α

221 3977 372 4030 aesomnes
387 3984 410 4028 α
463 3981 492 4030 51
507 3978 803 4045 largiorPPr-isea‘anua
812 3997 842 4046 p.
857 3981 918 4032 479:
932 3980 1064 4046 largiara
1115 3978 1234 4031 audeoP
