2792 4444
193 194 233 254 32
674 197 778 252 rnasn

195 369 284 447 alges,
307 386 373 429 cum
397 371 525 432 excussit
546 369 687 432 membris
708 370 798 432 timer
818 371 902 434 albus
908 371 1042 470 ,aristam
1224 387 1271 440 111

194 471 276 514 nunc
298 454 362 515 lace
385 456 536 535 supposita
558 456 693 518 fervescit
714 456 834 534 sanguis
856 465 885 518 et
907 457 949 518 ira

194 538 354 600 scintillant
376 541 463 614 oculi,
486 541 616 620 dicisque
638 541 768 619 facisque
790 541 899 638 (prod
891 561 954 621 ipse

194 641 256 684 non
280 627 342 686 sani
366 643 430 688 esse
452 587 581 688 bominis
603 645 665 688 nen
688 645 777 688 sanus
800 627 877 688 iuret
899 617 1035 690 Orestes.³

709 827 752 900 IV

190 953 277 1023 ‘ilem
299 964 402 1044 populi
424 956 543 1024 tractas'
568 963 723 1025 barbatum
743 964 816 1025 baec
838 965 925 1026 crede
946 965 1119 1046 magistrum

191 1046 302 1147 dicere,
325 1049 448 1110 sorbitio
472 1049 548 1109 tollit
569 1066 657 1127 quem
680 1049 743 1109 dira
765 1048 878 1111 cicutae

191 1123 265 1211 ‘quc
287 1097 403 1196 iretnsi
426 1134 473 1194 dic
496 1135 562 1212 hcc,
586 1135 685 1214 magui
706 1134 818 1214 pupille
840 1133 956 1196 Pericli.

196 1217 337 1279 scilicet
330 1219 485 1316 ingenium
507 1228 538 1280 et
559 1237 658 1280 rerum
681 1219 839 1299 prudentia
861 1221 944 1280 velox

81 1319 124 1380 ·4
159 1311 266 1426 dame
287 1303 364 1383 pilos
386 1303 476 1378 venit,
499 1304 621 1368 dicenda
643 1304 800 1366 tacendave
823 1305 920 1366 calles.

195 1405 212 1448 e

38 1415 143 1556 ,tir
131 1429 182 1518 t

40 1586 85 1652 4.

39 3489 72 3531 (ἱ

212 1405 266 1466 rgo
288 1389 340 1450 ubi
363 1398 509 1450 commota
533 1391 626 1451 iervet
646 1390 800 1470 plebecula
822 1389 890 1464 bile,

194 1472 253 1570 lert
274 1474 390 1536 animus
412 1475 524 1536 calidae
546 1475 649 1538 fecisse
671 1475 786 1536 silentia
808 1475 912 1536 turbae

84 1563 103 1595 ³⁴¹
194 1559 345 1620 maiestate
368 1578 483 1622 manus.
527 1560 599 1639 quid
620 1560 726 1621 deinde
748 1559 894 1639 loquere?
913 1552 1078 1632 “Quirites,

197 1643 255 1704 hoc
278 1653 348 1724 puta
370 1663 432 1707 non
456 1645 565 1706 iustum
588 1652 641 1718 est,
664 1645 736 1706 illud
760 1645 843 1719 male,
866 1646 978 1707 rectius
1001 1634 1101 1706 illud.'’

195 1728 253 1789 scis
275 1730 385 1790 etenim
408 1730 517 1792 iustum
540 1730 658 1809 gemina
680 1731 862 1809 suspendere
884 1731 968 1794 lance
1236 1738 1267 1790 10

195 1926 270 2000 qnod
298 1927 437 2001 impatiens
467 1929 511 1984 sit.
564 1928 658 1985 radere
685 1930 729 1986 hic
755 1945 913 2003 exasperare
935 1927 998 1985 dicit
1018 1926 1173 2000 vulgariter.
1229 1937 1271 1984 est

194 2010 261 2068 alter
288 2029 398 2069 sensns·
429 2030 483 2069 non
513 2012 615 2070 levibus
644 2022 690 2071 aut
715 2014 891 2090 popularibus
914 2012 979 2070 cibis
1001 2013 1041 2069 tui
1061 2011 1158 2068 fastidii
1180 2011 1270 2069 ulcera

196 2107 312 2170 possunt
342 2099 462 2172 pnrgari.
506 2098 559 2154 bcc
591 2107 632 2155 est
663 2101 736 2173 qnod
767 2097 803 2155 ait
823 2097 927 2172 plebeia
948 2098 1041 2155 radere
1061 2095 1131 2152 beta.
1175 2097 1270 2154 radere

196 2189 284 2240 autem
306 2182 342 2238 ait
364 2192 518 2256 extergere,
548 2191 578 2238 ut
599 2182 725 2241 Horatius
748 2183 858 2258 [11112
877 2186 904 2248 2,
922 2177 1055 2257 24]‘h0c
1075 2180 1166 2254 potius
1188 2197 1270 2255 quam

195 2265 294 2338 gallina
326 2275 432 2340 tergere
464 2257 601 2340 palatum’.
692 2271 748 2328 115
772 2266 965 2326 tremebundus
997 2265 1108 2325 efficeris
1139 2273 1167 2322 et
1199 2266 1270 2340 pilcs

196 2350 285 2424 erigis.
329 2353 421 2408 aristas
443 2353 513 2409 enim
536 2369 587 2427 pro
607 2353 669 2427 pilis
690 2355 790 2428 posuit.

279 2437 313 2492 lV
339 2441 352 2495 1
377 2437 420 2495 bic
443 2438 513 2495 de''
498 2455 528 2494 us
551 2439 623 2506 dicit,
646 2439 693 2513 qni
714 2437 825 2496 honeris
846 2438 934 2513 cupidi
956 2453 1039 2512 supra
1053 2435 1162 2493 modum
1176 2437 1269 2494 aetatis

195 2537 259 2578 snae
290 2521 392 2596 publici
425 2524 611 2580 moderaminis
644 2523 825 2599 gubernacula
858 2530 993 2598 quaerunt
1025 2523 1169 2596 suscipere,
1197 2522 1269 2596 quod

196 2605 327 2680 significat
358 2625 408 2682 per
441 2608 618 2672 Alcibiadem,
653 2609 700 2684 qni
726 2609 835 2666 relictus
856 2625 870 2664 a
893 2617 969 2682 patre
990 2607 1040 2664 sub
1063 2607 1144 2664 tutela
1166 2606 1268 2672 Pericli,

195 2708 259 2764 prae
292 2691 430 2749 nobilitate
462 2702 489 2749 et
521 2693 616 2749 divitiis
647 2711 717 2768 puer
748 2711 804 2750 rem
836 2692 969 2767 publicam
995 2692 1196 2749 Atheniensium
1218 2691 1269 2748 ad·

195 2776 362 2833 ministravit.
493 2778 511 2834 2
534 2777 659 2835 Socrates
687 2794 748 2834 cum
776 2778 991 2835 incriminaretur
1019 2778 1052 2834 de
1080 2777 1152 2852 turpi
1180 2792 1271 2833 amere

197 2858 338 2917 Alcibiadis
362 2860 484 2936 discipuli
505 2862 563 2926 sui,
590 2879 722 2920 venenum
743 2863 769 2920 in
793 2880 898 2920 carcere
919 2863 1022 2938 accepit
1043 2879 1097 2937 quc
1120 2861 1270 2936 puniretur.

282 2950 299 3005 3
324 2948 419 3004 meritc
443 2947 505 3003 dicit
527 2948 629 3021 pupille
652 2949 756 3013 Pericli,
780 2949 840 3022 qnia
863 2943 913 3006 sub
936 2948 1019 3005 tutela
1034 2947 1130 3004 Pericli
1147 2947 1273 3004 avunculi

195 3031 238 3088 sui
260 3032 383 3107 degebat,
408 3041 435 3089 et
457 3042 560 3090 tutores
582 3034 674 3092 dicunt
694 3034 812 3108 pupillos
833 3051 898 3091 suns
920 3033 1017 3108 quibua
1039 3032 1148 3090 tutelam
1163 3040 1272 3106 gerunt.

282 3122 299 3176 5
322 3118 391 3192 pilos
413 3135 464 3193 pro
487 3117 568 3175 barba
592 3120 692 3193 posuit.
780 3120 797 3178 8
821 3119 935 3188 Quirites
957 3118 1065 3175 abusive
1086 3135 1137 3192 pro
1160 3116 1270 3174 civibus.

198 3200 312 3269 Quirites
341 3205 410 3260 enim
438 3205 507 3260 cives
535 3205 645 3261 Romani
673 3212 747 3262 suut.
852 3207 888 3262 11)
911 3220 1003 3260 revera
1024 3203 1076 3260 scis
1097 3203 1222 3259 iustitiam
1243 3203 1272 3258 in

195 3285 270 3346 lance
291 3305 416 3364 pensare,
439 3298 466 3346 et
485 3289 569 3363 ipsius
592 3289 688 3347 dubiae
708 3290 792 3348 lancis
813 3289 1000 3348 rectitudinem
1016 3288 1095 3346 celles
1112 3288 1271 3360 discernere,

323 3632 351 3669 ΕΒ
353 3633 403 3684 que
446 3633 491 3682 ph·
627 3631 655 3669 OS

281 3683 315 3735 lV
334 3633 370 3736 de
383 3685 424 3737 bis
449 3685 493 3752 qni
517 3685 650 3751 ambigunt
675 3686 704 3750 (i.
723 3684 848 3748 ambiunt)
874 3685 985 3737 hencres
1004 3682 1028 3733 B
1049 3684 1140 3750 priori
1162 3687 1273 3734 saturae

199 3752 375 3803 continuatl'
442 3753 560 3805 2sorbiti
578 3753 635 3804 tolli
654 3759 677 3804 α
747 3751 808 3805 dura
828 3760 852 3804 α
922 3751 1065 3815 3111ος
1132 3749 1274 3818 periclisa
1379 3787 1380 3831 l

284 3819 460 3872 itacendaue
478 3822 511 3871 Ρ·
531 3821 690 3888 tacendaque
709 3828 733 3872 α
836 3823 932 3886 Ppulo
954 3823 1167 3901 superscriptum
1189 3831 1274 3869 manu

198 3892 299 3938 reserati
320 3889 350 3938 c'a
376 3889 410 3940 P.
435 3891 496 3955 puta
519 3893 600 3940 etiam
623 3891 780 3940 Ρνίεοίαηω
799 3887 873 3941 GLK.
892 3889 935 3940 ΙΙΙ
952 3905 982 3955 p.
999 3888 1034 3940 65
1118 3886 1177 3939 illut
1198 3890 1276 3938 utre·

199 3957 277 4022 bique
294 3958 317 4008 P
386 3958 416 4008 10
435 3957 535 4023 gemina
553 3959 583 4008 in
601 3959 717 4024 geminae
735 3961 870 4009 mmmm
887 3959 910 4009 Ρ
1130 3990 1136 4000 .
