2792 4444
193 199 234 260 20
677 201 782 258 euasti

191 375 330 456 perducis
352 375 450 436 facies.
485 369 568 436 ‘nam
590 376 697 438 fratres
718 377 797 438 inter
818 396 919 453 aenos,

191 461 307 522 somnia
328 461 432 540 pituita
454 460 504 539 qui
526 462 732 541 purgatissima
754 462 883 537 mittunt,
1201 525 1220 554 v

191 546 345 626 praecipui
365 553 454 606 sunto
477 545 574 625 sitque
595 545 652 607 illis
673 564 761 608 aurea
782 541 891 608 barba?
1133 527 1199 617 „aff

192 649 297 692 aurum
319 649 386 692 vasa
408 631 521 691 Numae
544 631 740 711 Saturniaque
761 633 879 712 impulit
900 650 967 695 aera
1002 628 1127 754 W
1136 613 1146 632 .

191 715 382 795 Vestalesque
405 734 496 777 urnas
517 725 547 777 et
568 716 698 778 'luscum
720 719 809 779 fictile
831 726 933 797 mutat.
1234 729 1262 779 to

193 821 210 862 o
235 819 339 862 curvae
361 802 391 862 in
414 801 502 863 terris
524 801 638 862 animae
660 811 691 862 et
711 803 881 865 caelestium
902 803 1009 877 inanis,

1221 513 1250 540 »ν’

192 989 234 1046 vel
256 989 331 1063 qood
352 990 468 1047 medium
490 991 533 1047 ovi
555 991 640 1048 simile
662 1000 703 1048 est
725 992 791 1049 auri.
880 995 918 1051 56
944 995 1032 1049 Acron
1054 990 1136 1048 tradit
1148 990 1224 1064 quod
1237 992 1263 1048 in

192 1075 300 1150 porticu
323 1077 456 1149 quondam
481 1075 611 1150 Apollinis
632 1077 745 1133 Palatini
765 1076 865 1134 luerint
885 1078 906 1134 l.
929 1077 1071 1134 Danaidum
1094 1075 1208 1150 efligies,
1239 1087 1265 1133 et

192 1167 286 1216 contra
313 1177 357 1217 eas
386 1159 437 1217 sub
466 1161 526 1217 divo
557 1161 668 1218 totidem
697 1173 835 1236 equestres
864 1162 981 1219 filiorum
1008 1162 1132 1236 Aegypti.
1176 1167 1209 1218 ex
1234 1161 1265 1218 iis

192 1254 280 1302 autem
301 1246 396 1302 statuis
419 1246 548 1320 quaedam
577 1245 734 1304 dicebantur
754 1247 952 1322 postulantibus
980 1264 1029 1322 per
1057 1263 1181 1304 somnum
1204 1246 1265 1302 dare

193 1329 310 1386 oracula.
348 1329 391 1386 alii
412 1341 499 1388 autem
522 1331 618 1387 tratres
640 1348 721 1388 aenos
736 1331 873 1389 Pollucem
897 1340 923 1389 et
938 1333 1086 1396 Castorem,
1110 1329 1157 1405 qui
1172 1330 1266 1388 tratres

191 1415 303 1472 luerunt
325 1425 353 1472 et
373 1416 516 1490 aliquando
539 1425 619 1473 nocte
640 1418 739 1473 Persen
763 1418 933 1474 llacedoniae
961 1433 1051 1490 regem
1078 1416 1267 1473 nuntiaverunt

191 1501 299 1566 victum,
323 1501 349 1556 in
373 1518 487 1575 quorum
510 1501 610 1574 templo
632 1503 797 1558 somniorum
812 1502 971 1576 interpretes
986 1501 1079 1558 haberi
1099 1500 1197 1566 solent,
1221 1501 1267 1574 qui

192 1602 277 1660 puros
306 1603 322 1642 a
346 1587 441 1660 pituita
468 1585 540 1642 visus
568 1586 707 1644 hominum
736 1585 915 1662 exponebant.
958 1587 1043 1644 aliter.
1074 1603 1135 1643 oum
1156 1586 1267 1642 Romani

192 1671 342 1744 pestilentia
364 1671 525 1736 laborarent,
549 1671 644 1728 Castor
666 1680 694 1728 et
712 1672 810 1728 Pollux
831 1672 858 1727 in
879 1671 988 1729 somniis
1010 1671 1142 1746 populum
1164 1687 1263 1727 monu-

193 1763 287 1821 erunt,
318 1754 416 1830 quibus
443 1755 566 1813 remediis
589 1765 763 1823 curarentur,
794 1765 823 1813 et
849 1757 912 1813 licet
940 1774 1034 1814 eorum
1055 1756 1155 1813 multae
1177 1765 1266 1812 essent

192 1849 297 1897 statuae
318 1841 430 1904 llomae,
460 1849 547 1897 tamen
574 1850 681 1916 paratae
703 1849 767 1898 sunt
788 1842 840 1898 illis
862 1842 976 1907 similes,
1006 1857 1073 1916 quas
1095 1849 1189 1916 postea
1209 1841 1267 1896 llo·

191 1925 263 1981 mani
285 1925 490 1982 deauraverunt.
577 1929 616 1985 57
639 1927 733 2002 pituita
763 1935 804 1984 est
825 1929 950 2002 purgatio
974 1925 1085 1984 cerebri.
1128 1925 1169 1983 vel
1192 1942 1267 1982 mor-

192 2009 244 2066 bus
266 2010 425 2085 gallinarum
448 2011 495 2086 qui
517 2029 548 2068 ex
570 2012 700 2069 edacitate
722 2013 852 2069 nascitur.
895 2014 968 2070 unde
994 2012 1082 2068 evenit
1110 2021 1140 2067 ut
1167 2011 1268 2084 gravati

186 2095 314 2153 homines
329 2113 432 2152 somno
455 2113 510 2152 non
533 2096 604 2152 bona
626 2097 729 2154 somnia
750 2097 869 2154 videant.
953 2100 992 2157 59
1012 2097 1095 2153 Numa
1110 2095 1266 2169 Pompilius,

192 2197 240 2236 rex
260 2182 458 2244 Romanorum,
481 2181 550 2236 vasis
573 2181 697 2238 fictilibus
719 2199 785 2238 usus
807 2190 848 2239 est
869 2183 947 2238 etiarn
969 2183 1002 2239 ad
1023 2179 1176 2254 religionem
1198 2180 1268 2236 deo-

192 2282 262 2322 rum.
286 2283 318 2322 ex
341 2281 395 2339 quo
417 2265 502 2321 Numa
525 2265 611 2322 dictus
632 2275 673 2323 est
695 2283 727 2323 eo
750 2268 825 2341 quod
847 2267 1002 2324 numinibus
1024 2264 1178 2323 deserviret.
1208 2281 1271 2321 nam

191 2351 295 2423 primus
318 2350 462 2424 religiones
486 2350 597 2407 deorum
620 2351 730 2409 invenit.
839 2352 956 2409 Saturno
986 2352 1057 2408 enim
1083 2351 1112 2406 in
1133 2348 1206 2406 ltalia
1228 2367 1271 2407 re·

192 2444 292 2509 guanto
313 2453 357 2492 aes
378 2435 407 2490 in
429 2453 482 2492 usu
504 2434 564 2507 luit,
588 2438 660 2510 quod
684 2437 763 2494 etiam
784 2446 879 2512 postea
900 2438 927 2493 in
950 2436 1015 2494 aede
1036 2436 1146 2493 Saturni
1168 2435 1271 2492 conde·

190 2519 282 2578 batur.
325 2522 400 2578 unde
422 2521 553 2578 aerarium
576 2522 675 2579 dictum
698 2531 748 2578 est.
792 2524 913 2579 nondum
936 2522 1006 2579 enim
1027 2521 1116 2578 luerat
1130 2527 1271 2594 argentum

192 2623 280 2680 neque
302 2625 407 2664 aurum.
455 2605 523 2662 illud
544 2616 632 2662 autern
654 2623 699 2663 aes
721 2624 775 2663 una
796 2615 872 2680 parte
895 2608 981 2682 capite
996 2607 1052 2662 lani
1066 2615 1271 2675 notatumerat,

193 2691 277 2748 altera
307 2708 374 2748 nave
404 2707 456 2763 qua
486 2690 620 2747 Saturnus
653 2691 759 2764 lugiens
788 2693 821 2748 ad
848 2691 948 2748 ltaliam
977 2700 1069 2749 vectus
1100 2702 1150 2748 est.
1201 2689 1273 2746 bene

194 2784 283 2832 autem
304 2775 333 2832 in
354 2775 402 2831 illo
424 2791 534 2831 nummo
558 2776 693 2849 geminum
717 2786 774 2832 erat
803 2777 926 2851 signum,
958 2786 984 2834 et
1006 2775 1194 2851 hospitalitatis
1216 2775 1274 2830 lani

194 2869 222 2916 et
243 2860 372 2917 adventus
395 2859 512 2916 Saturni.
551 2861 625 2934 quod
646 2877 691 2917 aes
713 2869 816 2934 postea,
840 2870 871 2918 ut
892 2863 994 2918 dietum
1018 2870 1067 2934 est,
1091 2861 1118 2917 in
1139 2860 1204 2918 aede
1219 2858 1274 2916 Sa-

194 2946 267 3001 turni
290 2944 458 3003 condebatur
479 2945 600 3002 nondum
622 2954 734 3018 argento
757 2963 878 3020 auroque
900 2948 1023 3021 signato,
1046 2947 1119 3003 unde
1140 2945 1276 3002 aerarium

193 3047 293 3088 nomen
316 3031 428 3105 accepit.
473 3030 525 3086 tuit
547 3039 636 3087 autem
658 3032 724 3088 assis
745 3031 861 3102 libralis,
891 3032 944 3089 hoc
974 3041 1015 3090 est
1036 3030 1103 3087 libra
1125 3046 1276 3104 appensus,

193 3124 221 3172 et
242 3117 385 3191 dipondius
409 3116 521 3172 duarum
549 3115 688 3174 librarum.
733 3117 807 3190 quod
834 3116 969 3191 hodieque
996 3118 1025 3173 in
1052 3133 1104 3173 usu
1132 3115 1275 3186 remansit,

198 3208 225 3257 et
246 3201 317 3258 solet
337 3202 445 3276 pensari
464 3201 557 3278 potius
579 3219 658 3275 quam
680 3202 824 3266 numerari,
862 3201 934 3258 unde
956 3211 984 3259 et
998 3202 1195 3277 dispensatores
1209 3198 1279 3256 dicti

195 3295 398 3360 prorogatores.
446 3296 473 3342 et
494 3295 535 3342 est
556 3304 666 3343 sensus:
691 3287 836 3344 ministeria
857 3287 1041 3344 innocentium
1063 3303 1094 3342 ac
1115 3284 1278 3360 simplicium
1371 3341 1372 3362 ,

195 3388 320 3428 vasorum
343 3371 402 3427 auri
424 3387 500 3428 caeca
522 3373 635 3428 removit
655 3371 773 3428 ambitio.
860 3373 900 3430 60
923 3382 970 3428 ant
991 3372 1086 3429 Vestae
1108 3379 1155 3427 aut
1176 3370 1279 3426 Vesta·
1371 3371 1372 3438 j

194 3455 275 3512 lium·
289 3457 432 3530 virginum.
540 3457 657 3531 virgines
683 3457 803 3514 Vestales
830 3457 900 3514 vasis
929 3456 1055 3514 fictilibus
1081 3457 1110 3512 in
1138 3453 1280 3512 sacrificiis

194 3557 259 3597 usae
281 3549 353 3597 sunt.
463 3543 579 3598 Tuscum
601 3542 702 3614 fictile,
732 3543 787 3598 sive
816 3543 890 3615 quod
912 3543 940 3597 in
962 3542 1068 3600 Etruria
1091 3540 1185 3598 creber
1205 3557 1281 3596 usus

194 3642 318 3683 vasorum
340 3626 462 3684 fictilium
483 3627 581 3702 luerat,
604 3628 659 3685 sive
682 3627 757 3701 quod
779 3627 859 3683 'lusci
882 3628 994 3684 deorum
1017 3626 1158 3683 simulacra
1180 3624 1283 3682 fictilia

194 3709 325 3769 lecerunt.
413 3715 472 3771 ’61
499 3711 645 3770 exolevisse
668 3711 731 3768 dicit
760 3713 788 3768 in
816 3712 896 3768 terris
926 3713 1050 3788 spiritum
1079 3710 1196 3771 divinum
1219 3709 1283 3767 bo-

280 3896 313 3947 ec
330 3892 451 3946 Pereunt
469 3899 493 3943 α
580 3896 611 3946 aa
630 3893 827 3960 purgatissima
844 3895 869 3945 r
952 3895 984 3946 aa
1003 3893 1107 3946 situas
1126 3900 1149 3944 α
1243 3895 1284 3946 se
1371 3879 1372 3884 ’

195 3960 257 4014 buri
274 3970 299 4013 α
368 3963 401 4014 60
418 3961 534 4013 laoileB
602 3963 632 4014 ot
654 3967 735 4014 terras
752 3962 913 4014 Lactantius
930 3964 994 4014 inat.
1014 3963 1040 4015 d.
1058 3961 1121 4014 112
