2804 4442
171 211 212 269 86
619 174 793 262 avellas

170 386 207 445 da
228 392 334 445 testem
357 383 467 443 Romae
489 390 549 442 tam
571 390 716 455 sanctum,
740 400 828 460 quam
851 382 907 443 luit
929 383 1037 462 hospes

171 469 303 530 numinis
325 468 411 540 Idaei,
435 467 575 546 procedat
596 467 643 528 vel
665 467 759 527 Numa
782 467 827 526 vel
849 467 899 546 qui
955 461 976 480 '⁴

169 554 293 615 servavit
312 552 457 632 trepidam
480 552 614 632 flagranti
638 571 674 612 ex
695 553 766 612 aede
789 552 965 613 Minervam:

169 640 307 718 protinus
329 639 363 698 ad
388 655 521 714 censum,
544 637 580 696 de
603 637 735 698 moribus
758 637 859 697 ultima
880 639 932 698 fiet
1200 647 1244 698 140

169 723 312 802 quaestio.
344 720 443 800 “quot
466 722 560 800 pascit
581 719 703 806 servos?
726 730 799 800 quot
821 723 952 800 possidet
974 721 1037 801 agri
1126 707 1187 833 apl

169 805 290 888 iugera?
313 825 399 886 quam
423 807 513 867 multa
537 825 702 885 magnaque
725 807 882 885 pampside
906 800 1040 868 cenatl'’
1257 861 1261 896 Ι

170 901 314 971 quantum
337 893 461 971 quisque
484 910 536 951 sna
559 909 749 953 nummorum
772 901 868 952 servat
889 892 920 952 in
943 910 1021 964 arca,
1125 909 1267 1035 [ppos

168 987 283 1038 tantum
306 977 446 1037 habetet
468 976 545 1036 tidei.
589 977 668 1037 iures
690 977 759 1037 licet
781 985 811 1037 et
833 977 1055 1037 Samothracum
1136 971 1164 992 ''

169 1072 199 1123 et
222 1072 394 1123 nostrorum
416 1079 490 1133 aras,
517 1073 710 1122 contemnere
734 1061 856 1122 fulmina
879 1049 999 1140 pauper
1198 1069 1240 1120 141

170 1147 301 1207 creditur
322 1156 411 1225 atque
433 1147 504 1206 deos
526 1147 571 1206 dis
594 1146 818 1225 ignoscentibus
841 1147 922 1224 ipsis.

169 1233 238 1310 qnid
263 1232 342 1310 qnod
363 1231 515 1292 materiam
538 1231 659 1310 praebet
681 1250 843 1309 causasque
865 1232 1000 1293 iocorum

170 1316 308 1378 omnibus
330 1316 377 1376 hic
400 1316 487 1388 idem,
511 1317 535 1376 si
557 1317 641 1378 foeda
665 1324 694 1376 et
716 1316 806 1377 scissa
828 1316 956 1394 lacerna,

168 1402 193 1460 si
215 1411 283 1480 toga
306 1401 455 1462 sordidula
478 1410 523 1462 est
546 1411 575 1461 et
596 1410 685 1480 rupta
708 1401 824 1462 calceus
846 1401 921 1461 alter

27 1473 132 1597 ΜΖ]
160 1486 245 1578 pelle
266 1494 356 1565 patet,
379 1486 424 1545 vel
446 1486 470 1546 si
493 1496 620 1548 consuto
642 1486 763 1547 vulnere
786 1504 918 1547 crassum

42 1569 76 1634 sb
121 1587 134 1638 ι
167 1580 256 1650 atque
278 1589 384 1631 recens
405 1570 500 1630 linum
523 1571 653 1632 ostendit
675 1590 736 1631 non
760 1589 819 1632 una
842 1568 985 1631 cicatrix?

126 1639 134 1656 ⁸
168 1655 211 1714 nil
233 1655 321 1715 habet
342 1655 444 1715 infelix
466 1665 624 1735 paupertas
646 1655 749 1716 durius
770 1655 801 1715 in
825 1673 866 1724 se,

168 1758 254 1840 puam
279 1739 358 1816 quod
382 1739 522 1800 ridiculos
545 1741 679 1800 homines
701 1740 780 1800 lacit.
811 1731 948 1800 “exeat’'
975 1739 1073 1818 inquit

164 1816 212 1883 ‘si
236 1825 333 1903 pudor
354 1833 408 1893 est,
432 1825 518 1884 etde
541 1825 662 1903 pulvino
685 1833 787 1902 surgat
808 1825 937 1903 equestri

166 1909 251 1969 cuius
273 1927 322 1970 res
344 1909 402 1988 legi
426 1928 488 1970 non
511 1911 630 1983 sufficit,
654 1919 684 1971 et
705 1911 827 1971 sedeant
848 1910 896 1970 hic
1088 1882 1136 1990 pou
1198 1912 1241 1962 155

166 1994 311 2054 lenonum
332 1993 418 2072 pueri
441 2012 630 2073 quocumque
653 2014 689 2055 ex
711 1995 826 2064 fornice
850 1995 919 2066 nati,
1048 1974 1086 2054 bl

82 2147 86 2169 .
166 2079 215 2138 hic
238 2078 357 2157 plaudat
379 2079 463 2138 nitidi
486 2080 642 2156 praeconis
664 2079 743 2140 filius
764 2080 842 2139 inter

166 2163 318 2242 pinnirapi
341 2163 436 2222 cultos
458 2163 580 2224 iuvenes
602 2164 783 2241 iuvenesque
805 2157 972 2224 lanistae'':

49 2323 52 2332 ⁸
81 2346 83 2356 ’
165 2333 263 2390 tricum
285 2351 301 2390 a
322 2333 386 2390 sella
407 2352 456 2390 sua
478 2334 611 2392 abducere
633 2336 794 2392 conductam
815 2335 959 2404 cunctaris,
982 2351 1043 2390 curn
1058 2332 1100 2388 alii
1116 2329 1244 2388 adulteria

165 2426 265 2475 emant.
353 2422 411 2478 137
436 2420 524 2494 Scipio
544 2421 645 2484 Nasica,
669 2437 750 2494 quem
771 2429 885 2494 propter
906 2419 1068 2493 probitatem
1090 2417 1159 2472 vitae
1180 2431 1244 2470 suae

165 2513 273 2562 senatus
295 2503 389 2578 elegit,
413 2517 443 2561 ut
465 2505 563 2580 hospes
586 2515 656 2562 esset
677 2505 768 2561 matris
791 2506 886 2568 deum,
910 2505 936 2560 id
958 2513 1000 2561 est
1021 2512 1052 2559 ut
1072 2501 1243 2557 simulacrum

165 2589 222 2645 eius
244 2590 315 2646 domi
336 2607 401 2646 suae
422 2590 549 2653 baberet,
578 2592 641 2647 dum
664 2590 688 2646 ei
711 2590 839 2663 templum
861 2589 954 2659 fieret,
977 2587 1051 2662 quod
1072 2585 1243 2642 simulacrum

166 2674 199 2730 de
221 2673 336 2748 Phrygia
356 2673 464 2730 allatum
487 2684 537 2730 est.
622 2674 666 2730 bic
689 2682 729 2730 est
751 2674 856 2747 Scipio.
887 2675 933 2747 qni
955 2673 1089 2747 oppressit
1110 2669 1244 2727 'liberium

165 2756 313 2814 Gracchum
335 2757 409 2831 leges
430 2757 547 2830 agrarias
569 2757 640 2814 lerre
661 2766 812 2814 conantem.
903 2760 961 2817 138
978 2759 1008 2814 b.
1025 2756 1165 2814 Caecilium
1181 2753 1244 2810 dicit

166 2841 300 2896 lletellum
321 2841 474 2914 pontificem
497 2843 648 2912 maximum,
671 2843 718 2916 qui
739 2844 850 2899 ardente
872 2842 972 2916 templo
989 2843 1082 2899 Vestae
1097 2839 1243 2896 Palladium

165 2943 198 2982 ex
226 2925 318 2982 mediis
347 2926 455 3000 ignibus
484 2927 572 3000 rapuit
598 2926 688 3002 ibique
717 2937 838 2985 caecatus
867 2937 916 2983 est.
943 2928 993 2984 iste
1019 2926 1089 2984 enim
1112 2939 1244 2996 comper

165 3011 283 3066 Latinam
305 3011 372 3066 viam
395 3011 620 3084 proficisceretur,
647 3013 760 3086 augurio
783 3013 855 3070 corvi
878 3013 905 3067 in
928 3013 1022 3070 oculos
1044 3028 1108 3067 suos
1129 3008 1243 3064 volantis

164 3105 305 3152 revocatus
328 3106 383 3159 est,
408 3106 435 3154 et
456 3097 604 3154 Palladium
627 3115 687 3154 cum
709 3098 887 3170 exincendio
909 3098 1056 3171 rapuisset,
1084 3111 1179 3169 passus
1202 3101 1244 3148 est

165 3181 329 3237 caecitatem.
420 3185 477 3240 143
494 3183 610 3240 Lucilius
630 3173 739 3240 ‘aarum
761 3192 841 3258 atque
862 3181 970 3238 ambitio
986 3181 1120 3256 specimen
1135 3177 1242 3234 virttnis

163 3273 310 3339 utrumque
339 3275 389 3322 est.
412 3275 516 3322 tantum
537 3267 649 3331 habeas,
679 3277 782 3324 tantum
805 3269 862 3340 ipse
883 3267 935 3323 sies
957 3267 1078 3340 tantique
1100 3248 1240 3320 habearis'.

168 3354 225 3408 145
249 3350 362 3426 pauperi
382 3351 453 3408 enim
476 3352 552 3426 quasi
572 3362 685 3426 propter
706 3362 850 3426 egestatem
873 3352 1022 3425 periuranti
1043 3351 1079 3406 dii
1101 3367 1157 3405 non
1171 3348 1243 3403 iras-

164 3444 272 3493 cuntur.
363 3440 420 3495 151
450 3436 626 3493 asutriballo
656 3446 743 3494 sutus.
834 3440 892 3495 155
917 3437 1029 3493 Othonis
1050 3435 1107 3498 lex,
1139 3435 1241 3506 inqua

125 3546 130 3572 ι
164 3519 242 3576 iussit
269 3538 324 3587 eos,
354 3522 401 3596 qui
432 3522 690 3596 quadringentorum
718 3522 903 3579 sestertiorum
933 3521 1032 3578 babent
1060 3520 1178 3583 reditus,
1213 3517 1241 3572 in

51 3647 56 3654 .
89 3603 92 3613 '
163 3620 276 3661 numero
299 3606 419 3678 equitum
441 3624 534 3669 esse..
600 3608 657 3665 158
682 3607 776 3664 divites
800 3607 833 3663 de
855 3623 954 3679 genere
976 3604 1139 3680 gladiatoris.
1226 3617 1241 3655 a

251 3754 297 3802 141
318 3751 372 3816 agri
388 3759 459 3817 pw:
478 3768 553 3818 agros
571 3755 595 3803 P
691 3755 739 3804 142
756 3751 845 3817 legera
864 3753 925 3803 add.
943 3760 999 3818 μω
1021 3768 1073 3802 om.
1091 3751 1241 3801 Pomorum

163 3832 272 3868 aereum
289 3836 306 3868 a
324 3817 405 3877 Quam
474 3820 609 3886 parapside
625 3836 643 3886 p
663 3821 705 3883 (de
723 3837 775 3886 quo
792 3823 887 3871 monui
904 3837 970 3871 mus.
990 3823 1065 3871 rhen.
1083 3818 1118 3870 39
1134 3833 1162 3882 p.
1179 3815 1242 3878 426)

250 3889 299 3938 154
318 3893 345 3936 et
362 3886 394 3936 de
411 3889 442 3936 in
460 3888 542 3937 lituro
561 3890 585 3938 P
598 3888 668 3951 (dete
685 3888 780 3938 lemma
800 3887 828 3951 S)
910 3891 959 3941 156
976 3888 1003 3939 in
1022 3886 1154 3950 tornicep

251 3955 298 4006 158
317 3953 463 4020 iuueneque
479 3970 497 4020 p
517 3971 595 4004 erasa
613 3970 625 4004 s
