2792 4444
606 233 739 287 SATVRA
759 234 780 284 V
1190 235 1230 292 45

152 401 242 471 ‘liber
264 397 337 485 ego.²
385 405 466 469 unde
489 407 589 467 datum
611 407 669 468 boc
692 407 793 480 sumis,
816 415 861 468 tot
882 406 999 469 subdite
1022 404 1135 469 rebus?

155 513 192 554 an
216 492 368 554 dominum
392 492 511 572 ignoras
535 492 591 553 nisi
614 511 703 571 quem
724 491 851 552 vindicta
874 491 1007 554 relaxat?
1189 502 1232 554 113

153 573 176 640 ‘i
200 597 275 658 puer
297 587 327 639 et
347 577 476 656 strigiles
499 577 626 656 Crispini
649 578 683 638 ad
706 576 812 637 balnea
834 568 930 637 deler'

158 665 183 726 si
205 663 364 742 increpuit,
388 680 485 724 cessas
508 672 645 742 nugator,
668 662 819 723 servitium
841 680 909 722 acre

156 759 186 809 te
209 749 283 808 nihil
304 747 428 828 inpellit,
452 747 688 826 necquicquam
711 747 895 808 extrinsecus
917 747 1008 808 intrat

158 833 238 913 quod
261 851 369 894 nervos
391 831 501 912 agitet?
523 832 574 894 sed
599 833 623 894 si
645 833 727 893 intus
749 839 779 892 et
801 833 831 892 in
856 833 953 893 iecore
976 851 1065 911 aegro

158 927 325 980 nascuntur
346 918 468 992 domini,
492 918 542 996 qui
565 925 596 978 tu
620 917 786 997 inpunitior
808 917 870 978 exis
1192 927 1234 978 tto

158 1013 247 1083 atque
268 1003 326 1078 hic,
352 1021 440 1082 quem
463 1004 497 1063 ad
521 1003 647 1081 strigiles
668 1003 779 1064 scutica
802 1010 832 1062 et
853 1012 950 1063 metus
973 1002 1032 1081 egit
1053 999 1155 1064 erilis?

204 1107 291 1149 mane
314 1088 400 1169 piger
422 1088 530 1150 stertis
571 1078 685 1166 ‘surge’
711 1087 810 1166 inquit
831 1087 957 1149 Avaritia
978 1081 1057 1148 ‘beia

159 1165 265 1252 surge?
312 1191 412 1252 negas.
449 1174 549 1250 instat,
568 1163 684 1251 ‘surge'
710 1173 816 1251 inquit.
851 1166 926 1234 ‘nou
950 1163 1045 1251 queo.³
1082 1161 1203 1252 ‘surge’

157 1252 168 1276 ‘
189 1267 202 1319 t
223 1259 294 1338 quid
317 1249 436 1338 agam‘l'
461 1253 585 1336 ‘rogast
607 1277 644 1319 en
668 1259 807 1337 saperdas
829 1259 939 1319 advehe
962 1259 1071 1332 Ponto,

28 1329 136 1420 W
179 1362 194 1404 a
224 1363 337 1418 oreum,
360 1353 492 1424 stuppas,
515 1343 676 1421 hebenum,
700 1352 758 1417 tus,
783 1341 897 1404 lubrica
920 1343 994 1418 Coa;
1194 1351 1236 1402 135

20 1453 69 1522 3(
174 1429 230 1490 olle
252 1448 358 1490 recens
380 1429 495 1509 primus
517 1429 602 1509 piper
624 1447 660 1488 er
682 1428 799 1489 sitiente
822 1429 951 1504 camelo;
1240 1495 1243 1504 ,
1283 1484 1288 1493 ,

54 1438 241 1602 tussiens
263 1515 300 1575 ali
345 1515 351 1526 ‘
381 1505 492 1595 Ὑφ’
529 1507 595 1575 ‘sed
617 1513 751 1593 luppiter
773 1502 889 1573 audiet'
925 1505 1016 1574 ‘eheu
1203 1496 1309 1624 μμ,
1335 1515 1384 1612 etl<

18 1587 84 1658 W
183 1618 244 1674 aro,
267 1608 450 1680 regustatum
473 1599 564 1679 digito
587 1597 739 1660 terebrare
762 1598 889 1659 salinum
1159 1585 1218 1706 8¹.
1253 1599 1316 1694 μθ

40 1658 320 1771 fiscontentus
343 1704 476 1764 perages,
500 1685 524 1746 si
545 1684 641 1744 rivere
664 1703 731 1746 cum
755 1684 822 1744 love
845 1673 960 1744 tendis'
1186 1687 1247 1770 tv*-

39 1757 74 1824 pe
162 1769 169 1849 J
240 1771 341 1850 pueris
363 1770 469 1848 pellem
493 1769 665 1854 succinctus
687 1777 716 1830 et
739 1769 946 1848 oenophorum
973 1779 1066 1849 aptas,
1196 1776 1238 1828 110

18 1883 111 2026 Jisvaisi
163 1855 313 2017 43ἓέεέῐὶ
328 1870 441 2016 ἓξὲξ,
454 1853 549 1996 -n-ihhli
562 1852 963 1998 oskbslltgisqffllxartrlibbbnvtbsm

158 2023 317 2092 seductum
339 2029 459 2082 moneat
477 2015 552 2100 ‘quo
574 2021 690 2094 deinde,
714 2021 827 2094 insane,
850 2022 923 2095 ruis,
946 2019 1026 2098 quo?

162 2109 232 2188 quid
254 2108 307 2170 tibi
329 2104 395 2170 ris?
417 2107 512 2169 calido
535 2105 591 2169 sub
613 2116 736 2187 pectore
758 2107 888 2168 mascula
909 2105 977 2167 bilis

157 2263 339 2338 pantomimus
369 2262 420 2320 luit
447 2264 605 2321 Maecenatis
634 2262 756 2322 hhertus.
889 2264 948 2320 124
971 2262 1068 2320 transit
1094 2270 1126 2318 ut
1147 2261 1241 2318 doceat

159 2364 239 2422 quam
272 2346 373 2402 multos
406 2347 481 2403 stulti
511 2348 633 2403 dominos
658 2347 775 2404 habeant
802 2364 937 2422 quamque
965 2347 1032 2404 nihil
1056 2346 1166 2404 arbitrio
1189 2363 1239 2403 suo

159 2433 207 2490 sed
229 2431 305 2487 iussu
326 2431 453 2487 vitiorum
476 2430 600 2487 elliciaut.
699 2432 757 2489 126
781 2430 897 2503 strigiles
920 2432 1046 2488 dicuntur
1067 2431 1112 2487 illa
1134 2432 1239 2496 velaria,

159 2517 232 2574 unde
254 2515 371 2572 athletae
391 2523 455 2589 post
476 2515 596 2572 laborem
618 2522 772 2589 terguntur.
827 2515 881 2570 hoc
902 2523 944 2572 est
965 2533 980 2571 a
1001 2515 1143 2588 tergendo,
1168 2516 1241 2590 quod

160 2618 256 2676 graece
279 2604 450 2678 στλεγγίζω
474 2601 580 2657 dicitur.
671 2602 729 2658 129
747 2598 849 2673 colligit
870 2617 925 2656 uon
948 2601 1037 2656 minus
1059 2599 1159 2657 servire
1180 2617 1241 2656 eum

85 2741 88 2747 ,
161 2688 207 2761 qui
228 2686 293 2743 vitio
317 2687 421 2743 deditus
444 2697 494 2750 est,
518 2703 599 2760 quam
621 2703 682 2743 eum
704 2685 752 2761 qui
773 2701 786 2741 a
810 2685 919 2743 domino
943 2685 977 2743 ob
1000 2685 1139 2758 segnitiam
1161 2685 1241 2742 mini-

159 2771 235 2828 sterii
264 2781 355 2845 potest
383 2771 529 2828 verberari.
663 2773 720 2830 134
744 2771 873 2828 excitatus
895 2772 1003 2829 tandem
1025 2771 1121 2846 surgit.
1165 2771 1241 2828 cuius

161 2873 213 2913 vox
235 2865 275 2913 est
297 2857 330 2913 ad
352 2856 509 2914 excitantem
538 2849 669 2931 ‘etquid
701 2851 820 2930 agam‘l’.
855 2855 1003 2932 respondet
1025 2851 1130 2932 ‘rogat'
1153 2857 1180 2914 id
1202 2865 1243 2916 est

163 2941 240 2998 dicit:
265 2942 329 3015 quid
352 2939 449 3015 egam?
541 2941 654 3016 saperda
676 2959 762 3016 genus
785 2941 937 2998 salsamenti
959 2943 1032 3016 quod
1054 2961 1086 3000 ex
1108 2944 1180 3017 pisce
1202 2942 1241 3000 fit.

251 3029 309 3086 138
333 3026 448 3082 barones
471 3027 597 3084 dicuutur
618 3027 688 3083 servi
707 3025 820 3095 militum
836 3027 882 3100 qui
898 3027 991 3101 utique
1005 3026 1154 3083 stultissimi
1168 3035 1241 3092 sunt,

162 3111 232 3168 servi
253 3111 354 3168 scilicet
374 3111 530 3169 stultorum.
670 3114 729 3169 140
753 3111 941 3184 oenophorum
962 3127 1008 3168 vas
1028 3111 1120 3168 vinum
1141 3111 1241 3178 ferens,

163 3193 255 3270 οἶνος
283 3197 353 3254 enim
381 3197 472 3299 pinum
501 3206 552 3255 est.
585 3196 695 3273 dequo
726 3204 767 3252 est
789 3195 854 3252 illud
877 3195 991 3271 [Lucili]
1009 3185 1136 3256 ‘vertitur
1158 3215 1242 3255 oeno·

162 3280 242 3355 pheri
263 3281 284 3338 1.
307 3300 329 3338 s.
352 3299 379 3337 n.

253 3447 302 3498 124
320 3445 400 3497 sumis
419 3448 456 3497 P:
477 3445 558 3497 sentis
576 3451 601 3495 α
625 3442 661 3505 of.
679 3445 744 3496 Hor.
766 3450 817 3499 sat.
836 3446 906 3508 112,
924 3446 958 3498 31
1049 3446 1096 3496 111
1116 3449 1242 3510 nugutcor

165 3513 304 3565 seminium
323 3520 347 3564 ot
418 3515 467 3566 128
487 3513 658 3580 nequicquam
678 3519 702 3564 α
781 3515 831 3565 129
849 3513 876 3564 in
893 3517 998 3579 pectore
1016 3515 1040 3564 P
1114 3514 1162 3566 130
1181 3511 1243 3580 quid

164 3589 189 3632 α
209 3582 270 3649 quin
288 3583 312 3632 P
396 3583 443 3635 131
464 3581 588 3647 stringilis
606 3583 630 3632 P
719 3581 812 3632 scutita
831 3588 855 3632 α
874 3581 989 3646 (soutitet
1006 3597 1039 3633 m.
1056 3581 1090 3647 B)
1109 3582 1205 3650 scyticp
1222 3581 1246 3633 P

254 3652 304 3703 134
320 3649 358 3700 En
377 3649 439 3717 quid
456 3650 622 3715 florilegium
639 3651 794 3700 Portunum
880 3649 978 3714 rogitas
1005 3649 1128 3716 saperdas
1147 3655 1196 3701 aet
1211 3654 1244 3700 ut

166 3719 249 3780 ttoril.
267 3719 353 3769 Paris.
371 3718 470 3784 rogitas
494 3733 525 3769 en
545 3717 678 3784 saperdam
697 3721 715 3782 ς
733 3732 798 3768 num
815 3719 950 3782 corripuit
969 3723 1050 3783 poeta
1073 3733 1150 3784 rogas
1169 3733 1244 3770 more

162 3789 256 3854 priseo
282 3803 314 3838 ac
339 3787 468 3853 uolgari?
495 3784 531 3847 cf.
548 3787 670 3838 scholion
758 3786 805 3838 135
832 3785 931 3838 rubrica
960 3793 984 3838 α
1073 3788 1121 3840 136
1144 3791 1170 3838 et
1195 3787 1247 3838 ur
1390 3817 1392 3838 ι

253 3855 350 3907 camelo
365 3871 400 3920 p:
422 3854 531 3907 camello
551 3857 604 3907 αΡ
689 3855 735 3906 tar
756 3852 843 3905 audiet
860 3856 884 3905 P
902 3854 932 3916 (it
950 3859 1081 3921 utsupra
1099 3854 1160 3907 aud·
1177 3856 1243 3905 sert·
1387 3849 1392 3920 l

164 3923 264 3988 psitp)
332 3923 383 3975 heu
401 3925 468 3988 Ppr.
553 3925 600 3977 138
619 3921 688 3974 Varo
707 3929 753 3987 etp
836 3924 883 3975 141
903 3921 991 3975 Octius
1010 3931 1034 3975 α
1112 3922 1200 3990 quiin
1220 3927 1243 3972 ot
1391 3935 1392 3944 ¹

252 3991 340 4044 trabea
358 3993 424 4057 Ppr.
503 3995 588 4044 uestro
608 3998 632 4042 α
713 3993 763 4043 144
780 3989 873 4042 callido
890 3990 914 4042 P
