2792 4444
158 200 200 256 54
643 199 747 253 Penstt

81 441 85 450 Ι
157 390 222 432 sum
245 369 299 431 tihi
322 371 495 450 Mercurius,
520 372 607 433 venio
629 372 702 433 deus
724 373 783 432 huc
806 390 861 450 ego
883 381 917 433 ut
938 372 986 434 ille

128 437 300 600 βψω.
337 476 374 518 011
398 455 520 518 renuis?
543 457 584 518 vis
605 466 638 518 tu
661 458 789 537 gaudere
811 456 943 519 relictis?
1039 529 1041 534 ,

7 534 127 629 ΜΕ·
169 540 221 602 600
257 541 364 620 aliquid
388 532 538 603 summae.²
578 543 671 604 minui
696 542 778 615 mint,
801 543 852 604 scd
874 543 929 604 tibi
951 552 1044 604 totum
1068 553 1113 605 est

7 605 25 660 1
69 639 81 656 =
157 626 300 705 quioquid
318 626 345 687 u
363 636 415 689 est.
454 627 821 730 ubisittupequaerere,
838 628 1004 706 quodmihi
1021 629 1172 707 quondam
1204 641 1233 692 u

7 658 145 806 qutei‘
156 711 268 789 legarat
291 711 408 786 Tadius,
433 731 491 773 neu
515 712 591 772 dicta
624 731 704 791 pone
728 720 860 790 paterna,

156 796 286 857 faenoris
308 796 428 858 accedat
450 785 573 871 merces,
597 783 785 860 differime
807 789 969 877 sumptus’.

153 873 236 959 ‘quid
259 881 385 960 reliqum
410 873 488 943 est‘l'
514 880 663 960 reliqum?
686 900 768 944 nunc
791 901 874 943 nunc
896 882 1050 962 inpensius
1074 903 1184 965 ungue,
1210 943 1213 948 .

157 984 269 1043 ungue,
292 985 376 1045 puer,
399 966 507 1028 caules.
545 967 615 1028 mihi
638 967 712 1028 10010
735 967 801 1027 luce
824 977 970 1046 coquatur
1067 1005 1078 1038 s
1167 947 1235 1062 pr}

156 1052 252 1110 urtica
275 1060 305 1111 et
327 1052 394 1113 lissa
417 1052 565 1113 fumosum
589 1053 720 1131 sinciput
741 1069 822 1127 aure,
1004 1069 1084 1150 '‘W'
1112 1005 1155 1088 d}
1204 1066 1233 1116 to

31 1131 61 1225 ιζ,
156 1145 190 1194 ut
212 1145 282 1197 tuus
304 1136 358 1197 istc
382 1155 476 1216 nepos
493 1137 568 1234 ⁰me
592 1145 673 1197 satur
695 1137 807 1220 anseris
831 1137 915 1216 01160,
986 1061 1004 1206 i

15 1243 69 1310 pto
109 1211 117 1235 ⁴
157 1238 225 1280 cum
248 1239 363 1282 morosa
387 1241 459 1300 vago
483 1223 635 1302 singultiet
658 1223 781 1302 inguine
803 1240 888 1294 vena,
1067 1209 1234 1347 ΕΜΔ

27 1367 33 1390 q
60 1333 89 1366 ει
109 1273 295 1384 &patriciae
318 1306 440 1367 inmeiat
462 1305 587 1367 vulsae?
611 1307 683 1368 mihi
706 1318 801 1393 Qfl
823 1307 935 1386 figurae
1057 1279 1066 1346 ¹

155 1389 193 1450 sit
215 1390 337 1469 reliqua,
360 1401 404 1452 ast
426 1391 467 1451 illi
490 1400 597 1454 tremat
619 1401 740 1452 omento
763 1409 840 1471 popa
863 1389 989 1454 venter?

201 1476 294 1536 vende
316 1477 443 1537 animam
465 1477 559 1552 lucro,
582 1494 717 1538 mercare
738 1485 827 1555 atque
851 1485 957 1538 excute
979 1476 1083 1538 sollers
1203 1487 1231 1536 'tt

156 1577 245 1620 omne
267 1561 344 1622 latus
365 1562 478 1635 mundi,
503 1581 541 1623 ne
563 1563 601 1623 sit
622 1562 822 1642 praestantior
844 1562 919 1622 alter

156 1643 343 1724 Cappadocas
366 1646 459 1724 rigida
482 1647 603 1726 pinguis
626 1647 768 1724 plausisse
791 1657 909 1718 catasta,

1246 920 1295 1026 t

14 1378 21 1410 1

152 1832 251 1907 quibus
278 1834 387 1891 iuvenes
415 1851 497 1891 cursu
527 1834 679 1901 certabant,
708 1844 736 1893 01
764 1836 810 1909 qui
832 1836 919 1892 victur
947 1842 1005 1892 erat
1026 1834 1128 1908 primus
1149 1834 1233 1891 lacem

152 1917 272 1985 tollebat,
296 1918 390 1976 deinde
411 1922 534 1994 sequenti
558 1921 679 1978 tradebat
703 1931 730 1976 01
752 1921 886 1978 secundus
901 1920 991 1985 tertio,
1015 1919 1136 1976 similiter
1150 1920 1232 1992 10070-

151 2005 217 2060 11001
245 2020 337 2060 omnes
368 2014 395 2061 et
423 2005 471 2061 sibi
500 2005 612 2063 invicem
634 2005 783 2070 tradebant,
807 2005 895 2062 donec
916 2021 1044 2062 numerus
1067 2005 1232 2061 currentium

152 2089 343 2163 compleretur.
446 2092 485 2148 62
509 2091 570 2164 quia
593 2107 654 2147 eum
676 2107 738 2146 cum
759 2090 857 2147 sacello
880 2090 960 2164 pleno
982 2089 1110 2164 pecuniae
1131 2091 1230 2164 pinge·

152 2173 226 2230 bant.
331 2176 370 2233 63
393 2174 432 2229 ris
455 2175 532 2231 etiarn
555 2184 586 2231 tu
608 2184 701 2249 gratus
724 2177 845 2249 accipere
868 2184 895 2232 et
916 2175 1032 2249 gaudere
1053 2174 1086 2230 ad
1109 2190 1140 2229 00
1162 2191 1231 2248 quae

151 2255 199 2314 tibi
222 2255 348 2314 dimitto'i
465 2261 501 2317 67
527 2268 642 2317 tractum
664 2269 705 2317 est
725 2260 778 2317 boc
800 2277 813 2316 a
836 2259 966 2334 patribus,
989 2259 1036 2334 qui
1057 2259 1150 2315 dicunt
1170 2259 1230 2316 liliis

151 2342 224 2399 suis:
246 2342 299 2399 boc
321 2343 396 2417 quod
416 2342 493 2400 robis
515 2345 584 2402 lucri
606 2346 639 2402 de
661 2345 771 2403 faenore
786 2347 907 2408 accessit,
930 2344 963 2400 ad
977 2361 1057 2401 usum
1072 2345 1140 2401 vitae
1154 2343 1230 2401 vobis

150 2426 282 2501 proficiat,
306 2429 439 2503 reliquum
461 2446 525 2487 vero
548 2431 677 2505 pecuniae
698 2439 832 2488 reservate
853 2431 998 2502 integrum.
1065 2432 1103 2488 69
1126 2446 1161 2486 011
1178 2445 1228 2503 ego

149 2512 220 2569 lame
246 2513 346 2570 moriar
374 2523 402 2572 et
427 2514 502 2572 festis
531 2515 624 2572 dicbus
651 2517 737 2573 urtica
763 2531 870 2586 vescar,
899 2525 925 2571 et
952 2515 1070 2589 sinciput
1094 2513 1229 2572 fumosum

151 2599 224 2672 quod
252 2610 293 2655 001
321 2599 455 2656 dimidium
485 2609 566 2675 caput
588 2601 739 2675 porcinum,
762 2609 793 2657 ut
815 2602 878 2656 dum
900 2617 950 2674 ego
972 2617 1053 2674 parce
1075 2599 1143 2664 vivo,
1167 2608 1228 2656 tuus

150 2700 246 2757 nepos,
269 2683 296 2740 id
318 2693 359 2740 001
380 2693 443 2740 tuus
461 2683 530 2741 617010
545 2686 664 2760 perditus
687 2685 752 2742 haec
774 2686 862 2742 omnia
885 2701 953 2758 quae
975 2702 1061 2750 servo,
1085 2685 1229 2758 impensius

141 2767 262 2822 -vivendo
295 2767 451 2841 abligurriat
481 2778 509 2826 et
540 2779 615 2827 satur
647 2787 773 2827 anserum
805 2769 969 2827 iecinoribus
1000 2771 1027 2826 in
1059 2771 1228 2844 patriciarum

150 2850 276 2924 turpibus
305 2854 406 2926 stupris
434 2853 506 2910 bona
533 2871 590 2911 mea
613 2867 763 2921 consumat,
786 2871 847 2912 cum
869 2856 895 2910 in
918 2871 951 2911 00
974 2854 1056 2911 176760
1079 2848 1228 2912 exarserit?

238 2937 276 2995 73
299 2946 382 2993 1001110
404 2938 515 3012 figurae.
537 2949 652 2997 tractum
674 2958 687 2996 a
709 2939 886 2997 muliebribus
907 2940 978 3006 telis,
1001 2957 1071 3015 quae
1092 2941 1150 2996 sine
1172 2951 1228 2997 sta·

149 3021 220 3078 mine
249 3023 339 3080 inanes
361 3023 495 3082 videntur.
615 3029 654 3084 74
677 3043 748 3100 popa
773 3033 876 3083 venter.
899 3025 1015 3100 pinguis.
1039 3024 1100 3098 quia
1123 3041 1228 3099 popana

149 3123 248 3180 genera
270 3116 335 3165 sunt
356 3109 441 3182 panis,
465 3109 564 3184 quibus
585 3111 737 3168 sacerdotes
760 3120 897 3168 eteorum
913 3110 1025 3166 ministri
1040 3109 1228 3176 vescebantur,

150 3189 247 3265 quibus
269 3193 374 3250 assidue
396 3195 463 3268 pasti
485 3197 598 3270 pingues
620 3195 729 3254 fiebant.
803 3199 841 3254 75
866 3195 990 3270 periculis
1013 3195 1090 3252 obice
1112 3203 1139 3252 te
1159 3195 1227 3252 lucri

149 3291 238 3342 causa,
261 3286 292 3334 ut
314 3277 475 3352 gladiatores
496 3279 607 3348 iaciunt,
631 3283 678 3356 qui
699 3281 789 3338 studio
809 3281 935 3338 lucrandi
956 3281 1055 3337 animas
1070 3295 1133 3337 suas
1148 3280 1228 3336 morti

148 3373 300 3437 opponunt.
406 3366 444 3423 77
468 3364 629 3438 gladiatores
652 3366 793 3440 significat.
879 3368 950 3441 apud
973 3366 1098 3441 antiquus
1120 3364 1226 3421 venales

234 3545 266 3596 ct
285 3545 352 3597 bunc
371 3553 395 3596 ot
482 3546 519 3597 illi
539 3553 562 3597 α
644 3547 781 3600 63071161
863 3545 1009 3600 10170101οα
1085 3543 1227 3598 6411006

147 3611 224 3663 Deest
242 3614 265 3661 Ρ
346 3615 378 3666 66
396 3614 495 3680 legerat
507 3616 530 3665 P
544 3618 669 3680 (croesus
685 3631 793 3666 uersum
812 3632 828 3665 a
847 3613 991 3680 Quondam)
1010 3629 1115 3679 corr.p
1186 3627 1227 3664 ca-

149 3679 207 3731 dius
226 3687 248 3729 α
319 3696 424 3747 oppone
442 3687 491 3734 aut
508 3698 604 3749 repone
622 3687 641 3748 ς
657 3684 705 3734 aed
722 3683 789 3736 dicta
807 3686 985 3750 imperativus
1003 3689 1042 3734 est
1116 3683 1149 3734 63
1167 3681 1226 3734 reli-

148 3762 226 3814 quum
246 3754 269 3798 α
351 3763 434 3814 angue
453 3757 477 3800 α
496 3765 571 3817 sorge
588 3753 613 3802 Ρ
689 3754 722 3804 69
741 3757 866 3818 coquetur
884 3759 929 3818 ap
1012 3754 1041 3803 71
1064 3751 1226 3802 1000111061

148 3814 241 3866 1007010
260 3817 284 3867 P
358 3819 391 3869 72
410 3831 490 3882 uagos
509 3819 620 3884 inquitet
637 3822 660 3871 P
743 3821 774 3871 73
794 3819 899 3870 inmeiat
916 3822 940 3870 P
953 3813 1072 3870 ‘Persian
1089 3819 1167 3870 modo
1185 3821 1227 3870 100-

146 3882 225 3944 finito
244 3887 375 3936 matronae
394 3885 524 3937 immeiere
542 3879 648 3938 unloae’
662 3889 765 3938 Prolem
779 3887 853 3939 uctt.
866 3887 941 3952 Wp.
954 3888 990 3940 36
1060 3890 1092 3939 71
1111 3893 1227 3939 01001110-

110 3955 272 4019 --0100100101
291 3957 315 4002 α
385 3953 418 4005 76
437 3967 469 4003 110
485 3953 521 4003 Ρ;
540 3968 588 4005 1100
606 3960 630 4004 α
700 3958 731 4006 77
752 3955 854 4021 pauisse
873 3962 896 4005 α
966 3958 1079 4006 catastas
1097 3956 1164 4021 Ppr.
