2792 4444
160 215 200 274 50
645 211 750 264 rnnsu
780 275 789 282 ,

161 387 232 448 dant
254 385 369 466 scopuli
391 394 422 448 et
443 385 534 446 multa
555 385 625 446 litus
646 404 679 446 se
703 384 775 445 valle
797 394 938 464 receptat.

159 471 254 533 Lunai
276 479 406 551 portum,
430 478 474 532 est
496 488 614 550 operae,
637 470 817 550 cognoscite,
841 471 933 531 civesz

159 574 213 617 cor
234 555 317 616 iubet
337 557 395 617 hoc
417 555 507 630 Enni,
530 565 687 635 postquam
709 554 865 616 destertuit
886 573 951 616 esse
1207 564 1237 616 to

160 641 338 715 Maeonides,
361 640 491 712 Quintus
511 657 626 721 pavone
649 659 685 700 er
707 640 905 719 Pythagoreo.
985 633 988 640 ’

157 727 206 788 bic
229 745 284 805 ego
307 744 430 786 securus
451 726 529 805 volgi
552 725 673 803 etquid
696 732 853 804 praeparet
874 733 974 786 auster

157 810 259 872 infelix
282 811 394 891 pecori,
416 829 539 872 securus
561 817 599 883 et,
622 809 748 889 angulus
770 808 819 870 ille
1128 791 1171 900 d*

157 895 245 957 vicini
269 905 372 957 nostro
395 893 463 974 quia
486 895 644 974 pinguior;
663 903 697 956 ct
718 896 742 956 si
763 894 838 955 adeo
861 912 967 956 omnes
1078 875 1121 975 ,ht

157 981 304 1042 ditescant
326 979 384 1042 orti
406 979 568 1059 peioribus,
595 998 690 1058 usque
711 996 847 1040 recusem
1052 978 1082 1018 ‘h
1205 987 1234 1038 to

62 1135 68 1143 ,
105 1077 128 1135 ·,
158 1084 265 1127 curvus
287 1063 326 1125 ob
349 1065 378 1126 id
401 1064 496 1126 minui
517 1064 601 1125 senio
624 1074 675 1126 aut
696 1081 806 1126 cenare
827 1063 892 1126 sine
914 1073 1006 1125 uncto

92 1137 103 1159 ''
158 1159 188 1211 et
209 1150 328 1228 signum
350 1150 380 1210 in
405 1151 507 1246 umida
530 1168 603 1210 naso
626 1149 757 1229 tetigisse
779 1149 913 1228 lagoena.
930 1141 972 1166 ‘⁸

158 1235 306 1314 discrepet
327 1235 373 1296 his
394 1235 477 1296 abus.
521 1235 667 1314 geminos,
689 1235 867 1314 horoscope,
889 1251 959 1294 varo

159 1319 300 1399 producis
321 1320 425 1398 genio:
452 1319 522 1381 solis
546 1319 692 1382 natalibus
714 1327 760 1382 est
782 1320 833 1398 qui

156 1527 226 1584 culm
249 1533 328 1583 barm
349 1525 493 1582 hibernare
515 1524 636 1591 dicimus,
660 1541 721 1582 cum
734 1538 792 1582 non
808 1525 942 1599 navigant,
958 1525 997 1580 sic
1012 1533 1039 1582 et
1053 1537 1126 1581 mare
1141 1524 1234 1582 hiber·

156 1620 222 1669 nare
243 1609 363 1677 holmus,
387 1610 450 1666 dum
473 1621 528 1665 aon
551 1611 700 1682 nauigatur.
813 1613 833 1668 tl
857 1627 873 1666 o
895 1610 975 1676 dves,
1000 1610 1233 1684 operaepretium

155 1703 197 1752 est
224 1703 334 1769 portum
362 1696 391 1751 ih
418 1695 529 1752 modum
550 1693 631 1752 lunae
652 1694 752 1751 lactum
776 1708 951 1769 cognoscere.
995 1695 1081 1752 lunai
1102 1711 1164 1752 vero
1187 1707 1233 1752 se-

155 1781 274 1838 cuudum
302 1780 438 1854 antiquam
469 1778 674 1836 declinationem
702 1779 781 1845 uixit,
810 1791 842 1837 ut
863 1779 996 1854 Vergilias
1019 1779 1099 1856 [Aeto.
1116 1784 1144 1845 7,
1161 1778 1233 1852 464]

149 1860 233 1922 ‘lun't
254 1866 326 1922 intus
348 1859 446 1939 aqrrai'.
536 1867 573 1922 to
597 1864 670 1922 hunc
692 1875 797 1922 versum
819 1866 853 1922 ad
875 1881 953 1922 sunm
976 1877 1083 1923 carmen
1106 1866 1139 1923 de
1156 1863 1234 1921 Ennii

155 1947 316 2008 carminibus
343 1950 491 2007 transtulit.
521 1951 617 2008 merito
646 1965 711 2024 crgo
739 1952 777 2008 ait
792 1946 858 2008 ‘cor
882 1950 958 2008 iubet
978 1951 1032 2007 hoc
1053 1951 1129 2016 Enni,
1153 1958 1233 2025 post·

154 2051 235 2111 quam
255 2024 417 2094 destertuit.²
507 2035 546 2092 sic
567 2035 726 2118 hunius-ait
747 2036 775 2092 iu
798 2036 932 2094 annalium
955 2047 1067 2092 suorum
1090 2036 1231 2109 principio,

153 2121 199 2179 ubi
225 2122 292 2178 dicit
321 2133 351 2178 sc
378 2121 474 2177 uidisse
497 2121 523 2176 in
546 2121 649 2177 somhis
669 2119 817 2177 homerum
839 2121 970 2178 dicentem
992 2119 1075 2176 luisse
1098 2120 1234 2192 quondam

154 2220 293 2280 pavonem,
316 2213 345 2262 et
366 2221 399 2262 ex
420 2219 453 2262 eo
473 2204 629 2262 translatam
650 2206 678 2262 in
702 2220 731 2262 se
752 2206 865 2262 animam
881 2221 948 2272 esse,
968 2204 1116 2262 secundum
1131 2203 1234 2278 Pytha-

152 2302 234 2364 gorae
256 2289 411 2365 philosophi
431 2290 624 2354 definitionem,
647 2290 694 2365 qui
716 2291 779 2348 dicit
795 2292 895 2348 animas
916 2292 1044 2348 humanas
1057 2305 1108 2364 per
1123 2294 1233 2366 παλιγ-

153 2379 296 2451 γενεσίαν
318 2376 347 2432 id
368 2383 408 2433 est
429 2387 479 2450 per
499 2376 621 2433 itertttam
643 2377 844 2450 generationem
865 2385 994 2433 exeuntes
1016 2376 1050 2433 de
1071 2374 1233 2450 corporibus

151 2462 180 2517 in
210 2461 258 2518 alia
287 2476 368 2536 posse
398 2472 514 2537 corpora
547 2461 670 2544 introire.
714 2461 774 2519 ideo
803 2462 914 2536 quintus
937 2461 1009 2525 dicit,
1038 2469 1153 2535 propter
1175 2475 1232 2517 ean

153 2547 307 2625 opinionem
330 2555 398 2622 quac
421 2547 483 2604 dicit
505 2548 619 2604 unimam
633 2545 801 2621 Pythagorae
822 2547 848 2602 in
865 2557 997 2620 pavonem
1012 2545 1175 2612 translatam,
1199 2545 1232 2601 de

151 2641 255 2707 pavone
277 2646 341 2690 vero
364 2633 397 2688 ad
419 2631 604 2707 Euphorbum,
629 2632 662 2688 dc
677 2631 823 2706 Euphorbo
846 2633 879 2688 ad
895 2631 1049 2695 Homerum,
1067 2631 1099 2688 dc
1115 2630 1231 2687 Homero

151 2725 241 2774 autem
263 2719 296 2774 ad
320 2717 442 2774 bmnium.
577 2719 614 2774 14
635 2725 688 2773 hcc
709 2717 733 2773 si
754 2716 895 2774 humilium
917 2717 973 2772 nuti
995 2716 1131 2773 extiterint
1151 2715 1232 2771 locu-

152 2802 294 2876 pletiores,
328 2801 429 2858 idcirco
458 2802 553 2858 damuo
582 2801 727 2858 comminui
752 2811 920 2860 senectutem
942 2801 1101 2858 desiderem.
1143 2799 1232 2857 solent

151 2886 222 2944 enim
251 2885 301 2944 sibi
330 2895 424 2961 optare
452 2895 566 2944 mortem
589 2885 607 2942 ii
633 2887 679 2960 qui
707 2887 841 2944 minorum
870 2887 1046 2944 substantem
1074 2885 1232 2942 crementari

150 2971 249 3038 vident,
273 2987 307 3029 nc
329 2987 398 3048 quos
421 2962 547 3039 oderunt,
569 2971 662 3028 felices
683 2972 799 3029 rideant.
868 2975 904 3030 17
926 2971 1019 3028 solent
1038 2971 1110 3025 avari
1124 2970 1232 3042 signum

151 3060 178 3115 in
201 3057 269 3116 rasis
292 3059 398 3116 vinariis
420 3074 523 3134 ponere
545 3066 572 3115 et
593 3057 632 3114 sic
653 3057 795 3133 diligenter
811 3057 940 3132 aspicere,
965 3065 995 3112 nt
1009 3050 1103 3111 oculos
1118 3055 1231 3128 propius

151 3143 316 3200 admovendo
336 3159 370 3201 ea
391 3153 458 3202 naso
481 3151 602 3218 tangant.
699 3146 736 3204 18
757 3143 896 3200 dissentiat
917 3142 958 3199 his
979 3139 1061 3198 rebus
1083 3155 1098 3196 a
1120 3157 1162 3196 ure
1185 3141 1231 3213 qui

150 3228 221 3294 vult,
251 3229 365 3302 prodige
386 3230 427 3286 vol
455 3231 571 3287 tenuiter
592 3228 671 3285 vivat.
755 3227 820 3285 licet
841 3228 994 3301 horoscope
1014 3226 1066 3283 suh
1089 3239 1143 3282 una
1165 3223 1230 3280 hora

151 3314 272 3389 geminos
300 3314 452 3389 producas,
482 3312 653 3371 dissimilibus
681 3321 771 3370 tamen
793 3312 855 3370 latis
879 3321 905 3370 et
927 3309 1111 3368 voluntatibus
1133 3321 1180 3367 eos
1202 3309 1229 3363 in

151 3401 230 3458 vitam
254 3401 346 3458 trahis.
436 3403 474 3460 19
496 3400 562 3458 solis
584 3396 726 3455 natalibus.
747 3409 855 3455 avarum
880 3397 1020 3471 significat,
1044 3397 1091 3470 qui
1111 3401 1230 3452 tautum-

152 3487 235 3543 modo
258 3485 352 3544 diebus
374 3486 449 3544 iestis
473 3484 561 3544 caules
584 3482 645 3540 oleo
668 3491 766 3541 unctos
788 3493 886 3557 putans
909 3483 1016 3539 delicias
1040 3480 1164 3539 eomedit.

237 3698 335 3752 illuni
354 3705 379 3749 α
465 3700 567 3765 portum
587 3705 646 3764 αρε
666 3698 791 3764 praetium
809 3699 833 3748 P
915 3710 1073 3763 cognoscere
1091 3698 1115 3747 P
1200 3695 1228 3748 11

151 3766 242 3836 quinto
264 3765 499 3832 catasscopus
584 3781 720 3834 pauonep
740 3766 891 3818 Charisius:
910 3776 1038 3832 pauonem
1060 3766 1114 3815 αΡ
1200 3763 1230 3813 12

150 3851 166 3886 u
215 3835 221 3847 '
270 3851 287 3902 p
359 3837 391 3887 11
408 3834 536 3902 pinguior,
555 3835 603 3886 etsi
622 3835 704 3900 uolgo
780 3837 813 3887 15
832 3833 899 3885 horti
920 3835 975 3884 αΡ
1042 3829 1231 3886 tuebitur:

135 3835 265 3984 m
354 3908 417 3954 unto
436 3907 460 3951 ot
565 3905 689 3956 18uarro
709 3909 732 3952 ot
840 3901 1034 3966 tdiugeniol’
1101 3913 1129 3952 es
1148 3898 1234 3966 quiP

149 3987 219 4024 corr.
234 3985 254 4040 g
